%YAML 1.1
%TAG !u! tag:unity3d.com,2011:
--- !u!1 &91947829825309839
GameObject:
  m_ObjectHideFlags: 0
  m_CorrespondingSourceObject: {fileID: 0}
  m_PrefabInstance: {fileID: 0}
  m_PrefabAsset: {fileID: 0}
  serializedVersion: 6
  m_Component:
  - component: {fileID: 175301177592535435}
  - component: {fileID: 3980731075566495950}
  m_Layer: 0
  m_Name: text1
  m_TagString: Untagged
  m_Icon: {fileID: 0}
  m_NavMeshLayer: 0
  m_StaticEditorFlags: 0
  m_IsActive: 1
--- !u!4 &175301177592535435
Transform:
  m_ObjectHideFlags: 0
  m_CorrespondingSourceObject: {fileID: 0}
  m_PrefabInstance: {fileID: 0}
  m_PrefabAsset: {fileID: 0}
  m_GameObject: {fileID: 91947829825309839}
  m_LocalRotation: {x: 0.038532883, y: 0.70605606, z: 0.03853289, w: 0.7060561}
  m_LocalPosition: {x: -0.36, y: 0.029, z: 0.252}
  m_LocalScale: {x: 0.04, y: 0.04, z: 0.04}
  m_Children: []
  m_Father: {fileID: 2037267260254974829}
  m_RootOrder: 4
  m_LocalEulerAnglesHint: {x: 0, y: 90.00001, z: 6.248}
--- !u!212 &3980731075566495950
SpriteRenderer:
  m_ObjectHideFlags: 0
  m_CorrespondingSourceObject: {fileID: 0}
  m_PrefabInstance: {fileID: 0}
  m_PrefabAsset: {fileID: 0}
  m_GameObject: {fileID: 91947829825309839}
  m_Enabled: 1
  m_CastShadows: 0
  m_ReceiveShadows: 0
  m_DynamicOccludee: 1
  m_MotionVectors: 1
  m_LightProbeUsage: 1
  m_ReflectionProbeUsage: 1
  m_RenderingLayerMask: 1
  m_RendererPriority: 0
  m_Materials:
  - {fileID: 10754, guid: 0000000000000000f000000000000000, type: 0}
  m_StaticBatchInfo:
    firstSubMesh: 0
    subMeshCount: 0
  m_StaticBatchRoot: {fileID: 0}
  m_ProbeAnchor: {fileID: 0}
  m_LightProbeVolumeOverride: {fileID: 0}
  m_ScaleInLightmap: 1
  m_PreserveUVs: 0
  m_IgnoreNormalsForChartDetection: 0
  m_ImportantGI: 0
  m_StitchLightmapSeams: 0
  m_SelectedEditorRenderState: 0
  m_MinimumChartSize: 4
  m_AutoUVMaxDistance: 0.5
  m_AutoUVMaxAngle: 89
  m_LightmapParameters: {fileID: 0}
  m_SortingLayerID: 0
  m_SortingLayer: 0
  m_SortingOrder: 0
  m_Sprite: {fileID: 21300000, guid: 7afa31911c9d36142a6154f6277b5b9f, type: 3}
  m_Color: {r: 1, g: 1, b: 1, a: 1}
  m_FlipX: 0
  m_FlipY: 0
  m_DrawMode: 0
  m_Size: {x: 8.67, y: 8.57}
  m_AdaptiveModeThreshold: 0.5
  m_SpriteTileMode: 0
  m_WasSpriteAssigned: 1
  m_MaskInteraction: 0
  m_SpriteSortPoint: 0
--- !u!1 &1449886941344559639
GameObject:
  m_ObjectHideFlags: 0
  m_CorrespondingSourceObject: {fileID: 0}
  m_PrefabInstance: {fileID: 0}
  m_PrefabAsset: {fileID: 0}
  serializedVersion: 6
  m_Component:
  - component: {fileID: 4617416898671572093}
  m_Layer: 0
  m_Name: Speaker
  m_TagString: Untagged
  m_Icon: {fileID: 0}
  m_NavMeshLayer: 0
  m_StaticEditorFlags: 0
  m_IsActive: 0
--- !u!4 &4617416898671572093
Transform:
  m_ObjectHideFlags: 0
  m_CorrespondingSourceObject: {fileID: 0}
  m_PrefabInstance: {fileID: 0}
  m_PrefabAsset: {fileID: 0}
  m_GameObject: {fileID: 1449886941344559639}
  m_LocalRotation: {x: 0, y: 0, z: 0, w: 1}
  m_LocalPosition: {x: 0, y: 0, z: 0}
  m_LocalScale: {x: 1, y: 1, z: 1}
  m_Children:
  - {fileID: 8150005754766513837}
  - {fileID: 270555799816296130}
  - {fileID: 3538864568360373046}
  - {fileID: 6682113556289086220}
  m_Father: {fileID: 2037267260356147115}
  m_RootOrder: 0
  m_LocalEulerAnglesHint: {x: 0, y: 0, z: 0}
--- !u!1 &1984795836070490552
GameObject:
  m_ObjectHideFlags: 0
  m_CorrespondingSourceObject: {fileID: 0}
  m_PrefabInstance: {fileID: 0}
  m_PrefabAsset: {fileID: 0}
  serializedVersion: 6
  m_Component:
  - component: {fileID: 6682113556289086220}
  - component: {fileID: 7995233253968256725}
  m_Layer: 0
  m_Name: static
  m_TagString: Untagged
  m_Icon: {fileID: 0}
  m_NavMeshLayer: 0
  m_StaticEditorFlags: 0
  m_IsActive: 1
--- !u!4 &6682113556289086220
Transform:
  m_ObjectHideFlags: 0
  m_CorrespondingSourceObject: {fileID: 0}
  m_PrefabInstance: {fileID: 0}
  m_PrefabAsset: {fileID: 0}
  m_GameObject: {fileID: 1984795836070490552}
  m_LocalRotation: {x: 0, y: 0, z: 0, w: 1}
  m_LocalPosition: {x: 0, y: 0, z: 0}
  m_LocalScale: {x: 1, y: 1, z: 1}
  m_Children: []
  m_Father: {fileID: 4617416898671572093}
  m_RootOrder: 3
  m_LocalEulerAnglesHint: {x: 0, y: 0, z: 0}
--- !u!82 &7995233253968256725
AudioSource:
  m_ObjectHideFlags: 0
  m_CorrespondingSourceObject: {fileID: 0}
  m_PrefabInstance: {fileID: 0}
  m_PrefabAsset: {fileID: 0}
  m_GameObject: {fileID: 1984795836070490552}
  m_Enabled: 1
  serializedVersion: 4
  OutputAudioMixerGroup: {fileID: 243453250002416584, guid: dad87afbaa63d49c18c83e58e5df01fe,
    type: 2}
  m_audioClip: {fileID: 8300000, guid: cc126868e4bb143caabcae86145f668e, type: 3}
  m_PlayOnAwake: 1
  m_Volume: 1
  m_Pitch: 1
  Loop: 1
  Mute: 0
  Spatialize: 0
  SpatializePostEffects: 0
  Priority: 128
  DopplerLevel: 1
  MinDistance: 1
  MaxDistance: 500
  Pan2D: 0
  rolloffMode: 0
  BypassEffects: 0
  BypassListenerEffects: 0
  BypassReverbZones: 0
  rolloffCustomCurve:
    serializedVersion: 2
    m_Curve:
    - serializedVersion: 3
      time: 0
      value: 1
      inSlope: 0
      outSlope: 0
      tangentMode: 0
      weightedMode: 0
      inWeight: 0.33333334
      outWeight: 0.33333334
    - serializedVersion: 3
      time: 1
      value: 0
      inSlope: 0
      outSlope: 0
      tangentMode: 0
      weightedMode: 0
      inWeight: 0.33333334
      outWeight: 0.33333334
    m_PreInfinity: 2
    m_PostInfinity: 2
    m_RotationOrder: 4
  panLevelCustomCurve:
    serializedVersion: 2
    m_Curve:
    - serializedVersion: 3
      time: 0
      value: 1
      inSlope: 0
      outSlope: 0
      tangentMode: 0
      weightedMode: 0
      inWeight: 0.33333334
      outWeight: 0.33333334
    m_PreInfinity: 2
    m_PostInfinity: 2
    m_RotationOrder: 4
  spreadCustomCurve:
    serializedVersion: 2
    m_Curve:
    - serializedVersion: 3
      time: 0
      value: 0
      inSlope: 0
      outSlope: 0
      tangentMode: 0
      weightedMode: 0
      inWeight: 0.33333334
      outWeight: 0.33333334
    m_PreInfinity: 2
    m_PostInfinity: 2
    m_RotationOrder: 4
  reverbZoneMixCustomCurve:
    serializedVersion: 2
    m_Curve:
    - serializedVersion: 3
      time: 0
      value: 1
      inSlope: 0
      outSlope: 0
      tangentMode: 0
      weightedMode: 0
      inWeight: 0.33333334
      outWeight: 0.33333334
    m_PreInfinity: 2
    m_PostInfinity: 2
    m_RotationOrder: 4
--- !u!114 &5679993556449797945
MonoBehaviour:
  m_ObjectHideFlags: 0
  m_CorrespondingSourceObject: {fileID: 0}
  m_PrefabInstance: {fileID: 0}
  m_PrefabAsset: {fileID: 0}
  m_GameObject: {fileID: 2036166761692694689}
  m_Enabled: 1
  m_EditorHideFlags: 0
  m_Script: {fileID: 11500000, guid: c76d119cac10ee94a9262a1afae57ac1, type: 3}
  m_Name: 
  m_EditorClassIdentifier: 
  slider: {fileID: 2148262968500506341}
  radioMixer: {fileID: 24100000, guid: dad87afbaa63d49c18c83e58e5df01fe, type: 2}
--- !u!1 &2037267260254974828
GameObject:
  m_ObjectHideFlags: 0
  m_CorrespondingSourceObject: {fileID: 0}
  m_PrefabInstance: {fileID: 0}
  m_PrefabAsset: {fileID: 0}
  serializedVersion: 6
  m_Component:
  - component: {fileID: 2037267260254974829}
  m_Layer: 0
  m_Name: Music
  m_TagString: Untagged
  m_Icon: {fileID: 0}
  m_NavMeshLayer: 0
  m_StaticEditorFlags: 0
  m_IsActive: 1
--- !u!4 &2037267260254974829
Transform:
  m_ObjectHideFlags: 0
  m_CorrespondingSourceObject: {fileID: 0}
  m_PrefabInstance: {fileID: 0}
  m_PrefabAsset: {fileID: 0}
  m_GameObject: {fileID: 2037267260254974828}
  m_LocalRotation: {x: -0, y: 0.7940838, z: -0, w: 0.6078084}
  m_LocalPosition: {x: -0.57, y: 0.48889, z: -1.397}
  m_LocalScale: {x: 1, y: 1, z: 1}
  m_Children:
  - {fileID: 2037267260356147115}
  - {fileID: 2037267261584444261}
  - {fileID: 2038845744076061353}
  - {fileID: 2038845743377770347}
  - {fileID: 175301177592535435}
  - {fileID: 2294579423083202342}
  m_Father: {fileID: 0}
  m_RootOrder: 0
  m_LocalEulerAnglesHint: {x: 0, y: 0, z: 0}
--- !u!1 &2037267260356147114
GameObject:
  m_ObjectHideFlags: 0
  m_CorrespondingSourceObject: {fileID: 0}
  m_PrefabInstance: {fileID: 0}
  m_PrefabAsset: {fileID: 0}
  serializedVersion: 6
  m_Component:
  - component: {fileID: 2037267260356147115}
  - component: {fileID: 4450189057546282659}
  m_Layer: 0
  m_Name: Jukebox
  m_TagString: Untagged
  m_Icon: {fileID: 0}
  m_NavMeshLayer: 0
  m_StaticEditorFlags: 0
  m_IsActive: 1
--- !u!4 &2037267260356147115
Transform:
  m_ObjectHideFlags: 0
  m_CorrespondingSourceObject: {fileID: 0}
  m_PrefabInstance: {fileID: 0}
  m_PrefabAsset: {fileID: 0}
  m_GameObject: {fileID: 2037267260356147114}
  m_LocalRotation: {x: -0, y: -0, z: -0, w: 1}
  m_LocalPosition: {x: 0.0150822345, y: 0.7137794, z: -0.16186725}
  m_LocalScale: {x: 1, y: 1, z: 1}
  m_Children:
  - {fileID: 4617416898671572093}
  - {fileID: 2037267260824797424}
  - {fileID: 2038592093395980017}
  - {fileID: 5496458751635733902}
  - {fileID: 2037267260778237781}
  m_Father: {fileID: 2037267260254974829}
  m_RootOrder: 0
  m_LocalEulerAnglesHint: {x: 0, y: 0, z: 0}
--- !u!114 &4450189057546282659
MonoBehaviour:
  m_ObjectHideFlags: 0
  m_CorrespondingSourceObject: {fileID: 0}
  m_PrefabInstance: {fileID: 0}
  m_PrefabAsset: {fileID: 0}
  m_GameObject: {fileID: 2037267260356147114}
  m_Enabled: 1
  m_EditorHideFlags: 0
  m_Script: {fileID: 11500000, guid: aef7f8cf183804e0095226f3bc23fab5, type: 3}
  m_Name: 
  m_EditorClassIdentifier: 
  alwaysOn: 0
  speaker: {fileID: 1449886941344559639}
--- !u!114 &4711773182121403990
MonoBehaviour:
  m_ObjectHideFlags: 0
  m_CorrespondingSourceObject: {fileID: 0}
  m_PrefabInstance: {fileID: 0}
  m_PrefabAsset: {fileID: 0}
  m_GameObject: {fileID: 2037267260778495715}
  m_Enabled: 1
  m_EditorHideFlags: 0
  m_Script: {fileID: 11500000, guid: 2c686c881b1704f3ea2064539d787356, type: 3}
  m_Name: 
  m_EditorClassIdentifier: 
  knobTransform: {fileID: 2037267260778345469}
  radioMixer: {fileID: 24100000, guid: dad87afbaa63d49c18c83e58e5df01fe, type: 2}
--- !u!1 &2037267260824797427
GameObject:
  m_ObjectHideFlags: 0
  m_CorrespondingSourceObject: {fileID: 0}
  m_PrefabInstance: {fileID: 0}
  m_PrefabAsset: {fileID: 0}
  serializedVersion: 6
  m_Component:
  - component: {fileID: 2037267260824797424}
  - component: {fileID: 2037267260824797431}
  - component: {fileID: 2037267260824797430}
  - component: {fileID: 2037267260824797425}
  - component: {fileID: 7176542996727078567}
  m_Layer: 0
  m_Name: box
  m_TagString: Untagged
  m_Icon: {fileID: 0}
  m_NavMeshLayer: 0
  m_StaticEditorFlags: 0
  m_IsActive: 1
--- !u!4 &2037267260824797424
Transform:
  m_ObjectHideFlags: 0
  m_CorrespondingSourceObject: {fileID: 0}
  m_PrefabInstance: {fileID: 0}
  m_PrefabAsset: {fileID: 0}
  m_GameObject: {fileID: 2037267260824797427}
  m_LocalRotation: {x: -0, y: -0, z: -0, w: 1}
  m_LocalPosition: {x: 0, y: 0, z: 0}
  m_LocalScale: {x: 0.36588877, y: 0.45417887, z: 0.6128863}
  m_Children: []
  m_Father: {fileID: 2037267260356147115}
  m_RootOrder: 1
  m_LocalEulerAnglesHint: {x: 0, y: 0, z: 0}
--- !u!33 &2037267260824797431
MeshFilter:
  m_ObjectHideFlags: 0
  m_CorrespondingSourceObject: {fileID: 0}
  m_PrefabInstance: {fileID: 0}
  m_PrefabAsset: {fileID: 0}
  m_GameObject: {fileID: 2037267260824797427}
  m_Mesh: {fileID: 10202, guid: 0000000000000000e000000000000000, type: 0}
--- !u!23 &2037267260824797430
MeshRenderer:
  m_ObjectHideFlags: 0
  m_CorrespondingSourceObject: {fileID: 0}
  m_PrefabInstance: {fileID: 0}
  m_PrefabAsset: {fileID: 0}
  m_GameObject: {fileID: 2037267260824797427}
  m_Enabled: 1
  m_CastShadows: 1
  m_ReceiveShadows: 1
  m_DynamicOccludee: 1
  m_MotionVectors: 1
  m_LightProbeUsage: 1
  m_ReflectionProbeUsage: 1
  m_RenderingLayerMask: 4294967295
  m_RendererPriority: 0
  m_Materials:
  - {fileID: 2100000, guid: 150755664401e4b488d687efbab0fea6, type: 2}
  m_StaticBatchInfo:
    firstSubMesh: 0
    subMeshCount: 0
  m_StaticBatchRoot: {fileID: 0}
  m_ProbeAnchor: {fileID: 0}
  m_LightProbeVolumeOverride: {fileID: 0}
  m_ScaleInLightmap: 1
  m_PreserveUVs: 0
  m_IgnoreNormalsForChartDetection: 0
  m_ImportantGI: 0
  m_StitchLightmapSeams: 0
  m_SelectedEditorRenderState: 3
  m_MinimumChartSize: 4
  m_AutoUVMaxDistance: 0.5
  m_AutoUVMaxAngle: 89
  m_LightmapParameters: {fileID: 0}
  m_SortingLayerID: 0
  m_SortingLayer: 0
  m_SortingOrder: 0
--- !u!65 &2037267260824797425
BoxCollider:
  m_ObjectHideFlags: 0
  m_CorrespondingSourceObject: {fileID: 0}
  m_PrefabInstance: {fileID: 0}
  m_PrefabAsset: {fileID: 0}
  m_GameObject: {fileID: 2037267260824797427}
  m_Material: {fileID: 0}
  m_IsTrigger: 0
  m_Enabled: 1
  serializedVersion: 2
  m_Size: {x: 1, y: 1, z: 1}
  m_Center: {x: 0, y: 0, z: 0}
--- !u!114 &7176542996727078567
MonoBehaviour:
  m_ObjectHideFlags: 0
  m_CorrespondingSourceObject: {fileID: 0}
  m_PrefabInstance: {fileID: 0}
  m_PrefabAsset: {fileID: 0}
  m_GameObject: {fileID: 2037267260824797427}
  m_Enabled: 1
  m_EditorHideFlags: 0
  m_Script: {fileID: 11500000, guid: 5acc68a2ecf98824ba3f8fa739c53028, type: 3}
  m_Name: 
  m_EditorClassIdentifier: 
  Material: 3
--- !u!1 &2037267261584444260
GameObject:
  m_ObjectHideFlags: 0
  m_CorrespondingSourceObject: {fileID: 0}
  m_PrefabInstance: {fileID: 0}
  m_PrefabAsset: {fileID: 0}
  serializedVersion: 6
  m_Component:
  - component: {fileID: 2037267261584444261}
  - component: {fileID: 2037267261584444248}
  - component: {fileID: 2037267261584444251}
  - component: {fileID: 2037267261584444250}
  - component: {fileID: 1540109565229089213}
  m_Layer: 0
  m_Name: Table
  m_TagString: Untagged
  m_Icon: {fileID: 0}
  m_NavMeshLayer: 0
  m_StaticEditorFlags: 0
  m_IsActive: 1
--- !u!4 &2037267261584444261
Transform:
  m_ObjectHideFlags: 0
  m_CorrespondingSourceObject: {fileID: 0}
  m_PrefabInstance: {fileID: 0}
  m_PrefabAsset: {fileID: 0}
  m_GameObject: {fileID: 2037267261584444260}
  m_LocalRotation: {x: -0, y: -0, z: -0, w: 1}
  m_LocalPosition: {x: 0, y: 0, z: 0}
  m_LocalScale: {x: 0.7182029, y: 0.97778, z: 1.1399108}
  m_Children: []
  m_Father: {fileID: 2037267260254974829}
  m_RootOrder: 1
  m_LocalEulerAnglesHint: {x: 0, y: 105.13801, z: 0}
--- !u!33 &2037267261584444248
MeshFilter:
  m_ObjectHideFlags: 0
  m_CorrespondingSourceObject: {fileID: 0}
  m_PrefabInstance: {fileID: 0}
  m_PrefabAsset: {fileID: 0}
  m_GameObject: {fileID: 2037267261584444260}
  m_Mesh: {fileID: 10202, guid: 0000000000000000e000000000000000, type: 0}
--- !u!23 &2037267261584444251
MeshRenderer:
  m_ObjectHideFlags: 0
  m_CorrespondingSourceObject: {fileID: 0}
  m_PrefabInstance: {fileID: 0}
  m_PrefabAsset: {fileID: 0}
  m_GameObject: {fileID: 2037267261584444260}
  m_Enabled: 1
  m_CastShadows: 1
  m_ReceiveShadows: 1
  m_DynamicOccludee: 1
  m_MotionVectors: 1
  m_LightProbeUsage: 1
  m_ReflectionProbeUsage: 1
  m_RenderingLayerMask: 4294967295
  m_RendererPriority: 0
  m_Materials:
  - {fileID: 2100000, guid: 150755664401e4b488d687efbab0fea6, type: 2}
  m_StaticBatchInfo:
    firstSubMesh: 0
    subMeshCount: 0
  m_StaticBatchRoot: {fileID: 0}
  m_ProbeAnchor: {fileID: 0}
  m_LightProbeVolumeOverride: {fileID: 0}
  m_ScaleInLightmap: 1
  m_PreserveUVs: 0
  m_IgnoreNormalsForChartDetection: 0
  m_ImportantGI: 0
  m_StitchLightmapSeams: 0
  m_SelectedEditorRenderState: 3
  m_MinimumChartSize: 4
  m_AutoUVMaxDistance: 0.5
  m_AutoUVMaxAngle: 89
  m_LightmapParameters: {fileID: 0}
  m_SortingLayerID: 0
  m_SortingLayer: 0
  m_SortingOrder: 0
--- !u!65 &2037267261584444250
BoxCollider:
  m_ObjectHideFlags: 0
  m_CorrespondingSourceObject: {fileID: 0}
  m_PrefabInstance: {fileID: 0}
  m_PrefabAsset: {fileID: 0}
  m_GameObject: {fileID: 2037267261584444260}
  m_Material: {fileID: 0}
  m_IsTrigger: 0
  m_Enabled: 1
  serializedVersion: 2
  m_Size: {x: 1, y: 1, z: 1}
  m_Center: {x: 0, y: 0, z: 0}
--- !u!114 &1540109565229089213
MonoBehaviour:
  m_ObjectHideFlags: 0
  m_CorrespondingSourceObject: {fileID: 0}
  m_PrefabInstance: {fileID: 0}
  m_PrefabAsset: {fileID: 0}
  m_GameObject: {fileID: 2037267261584444260}
  m_Enabled: 1
  m_EditorHideFlags: 0
  m_Script: {fileID: 11500000, guid: 5acc68a2ecf98824ba3f8fa739c53028, type: 3}
  m_Name: 
  m_EditorClassIdentifier: 
  Material: 3
--- !u!1 &5611176959673049534
GameObject:
  m_ObjectHideFlags: 0
  m_CorrespondingSourceObject: {fileID: 0}
  m_PrefabInstance: {fileID: 0}
  m_PrefabAsset: {fileID: 0}
  serializedVersion: 6
  m_Component:
  - component: {fileID: 2294579423083202342}
  - component: {fileID: 5121195822800751610}
  m_Layer: 0
  m_Name: text2
  m_TagString: Untagged
  m_Icon: {fileID: 0}
  m_NavMeshLayer: 0
  m_StaticEditorFlags: 0
  m_IsActive: 1
--- !u!4 &2294579423083202342
Transform:
  m_ObjectHideFlags: 0
  m_CorrespondingSourceObject: {fileID: 0}
  m_PrefabInstance: {fileID: 0}
  m_PrefabAsset: {fileID: 0}
  m_GameObject: {fileID: 5611176959673049534}
  m_LocalRotation: {x: -0.1607654, y: 0.6885888, z: -0.1607654, w: 0.6885888}
  m_LocalPosition: {x: -0.36000168, y: 0.083000004, z: -0.2280012}
  m_LocalScale: {x: 0.04, y: 0.04, z: 0.04}
  m_Children: []
  m_Father: {fileID: 2037267260254974829}
  m_RootOrder: 5
  m_LocalEulerAnglesHint: {x: 0, y: 90, z: -26.283}
--- !u!212 &5121195822800751610
SpriteRenderer:
  m_ObjectHideFlags: 0
  m_CorrespondingSourceObject: {fileID: 0}
  m_PrefabInstance: {fileID: 0}
  m_PrefabAsset: {fileID: 0}
  m_GameObject: {fileID: 5611176959673049534}
  m_Enabled: 1
  m_CastShadows: 0
  m_ReceiveShadows: 0
  m_DynamicOccludee: 1
  m_MotionVectors: 1
  m_LightProbeUsage: 1
  m_ReflectionProbeUsage: 1
  m_RenderingLayerMask: 1
  m_RendererPriority: 0
  m_Materials:
  - {fileID: 10754, guid: 0000000000000000f000000000000000, type: 0}
  m_StaticBatchInfo:
    firstSubMesh: 0
    subMeshCount: 0
  m_StaticBatchRoot: {fileID: 0}
  m_ProbeAnchor: {fileID: 0}
  m_LightProbeVolumeOverride: {fileID: 0}
  m_ScaleInLightmap: 1
  m_PreserveUVs: 0
  m_IgnoreNormalsForChartDetection: 0
  m_ImportantGI: 0
  m_StitchLightmapSeams: 0
  m_SelectedEditorRenderState: 0
  m_MinimumChartSize: 4
  m_AutoUVMaxDistance: 0.5
  m_AutoUVMaxAngle: 89
  m_LightmapParameters: {fileID: 0}
  m_SortingLayerID: 0
  m_SortingLayer: 0
  m_SortingOrder: 0
  m_Sprite: {fileID: 21300000, guid: f04bcd9677ab25341aa8748f1ba55851, type: 3}
  m_Color: {r: 1, g: 1, b: 1, a: 1}
  m_FlipX: 0
  m_FlipY: 0
  m_DrawMode: 0
  m_Size: {x: 8.67, y: 8.57}
  m_AdaptiveModeThreshold: 0.5
  m_SpriteTileMode: 0
  m_WasSpriteAssigned: 1
  m_MaskInteraction: 0
  m_SpriteSortPoint: 0
--- !u!1 &6507954023617067829
GameObject:
  m_ObjectHideFlags: 0
  m_CorrespondingSourceObject: {fileID: 0}
  m_PrefabInstance: {fileID: 0}
  m_PrefabAsset: {fileID: 0}
  serializedVersion: 6
  m_Component:
  - component: {fileID: 8150005754766513837}
  - component: {fileID: 5673735453435052119}
  m_Layer: 0
  m_Name: dance_music
  m_TagString: Untagged
  m_Icon: {fileID: 0}
  m_NavMeshLayer: 0
  m_StaticEditorFlags: 0
  m_IsActive: 1
--- !u!4 &8150005754766513837
Transform:
  m_ObjectHideFlags: 0
  m_CorrespondingSourceObject: {fileID: 0}
  m_PrefabInstance: {fileID: 0}
  m_PrefabAsset: {fileID: 0}
  m_GameObject: {fileID: 6507954023617067829}
  m_LocalRotation: {x: 0, y: 0, z: 0, w: 1}
  m_LocalPosition: {x: 0, y: 0, z: 0}
  m_LocalScale: {x: 1, y: 1, z: 1}
  m_Children: []
  m_Father: {fileID: 4617416898671572093}
  m_RootOrder: 0
  m_LocalEulerAnglesHint: {x: 0, y: 0, z: 0}
--- !u!82 &5673735453435052119
AudioSource:
  m_ObjectHideFlags: 0
  m_CorrespondingSourceObject: {fileID: 0}
  m_PrefabInstance: {fileID: 0}
  m_PrefabAsset: {fileID: 0}
  m_GameObject: {fileID: 6507954023617067829}
  m_Enabled: 1
  serializedVersion: 4
  OutputAudioMixerGroup: {fileID: 243502457303019020, guid: dad87afbaa63d49c18c83e58e5df01fe,
    type: 2}
  m_audioClip: {fileID: 8300000, guid: c8d4002bb2cf24d458eb98a6a72ce4ad, type: 3}
  m_PlayOnAwake: 1
  m_Volume: 0.8
  m_Pitch: 1
  Loop: 1
  Mute: 0
  Spatialize: 0
  SpatializePostEffects: 0
  Priority: 128
  DopplerLevel: 1
  MinDistance: 1
  MaxDistance: 500
  Pan2D: 0
  rolloffMode: 0
  BypassEffects: 0
  BypassListenerEffects: 0
  BypassReverbZones: 0
  rolloffCustomCurve:
    serializedVersion: 2
    m_Curve:
    - serializedVersion: 3
      time: 0
      value: 1
      inSlope: 0
      outSlope: 0
      tangentMode: 0
      weightedMode: 0
      inWeight: 0.33333334
      outWeight: 0.33333334
    - serializedVersion: 3
      time: 1
      value: 0
      inSlope: 0
      outSlope: 0
      tangentMode: 0
      weightedMode: 0
      inWeight: 0.33333334
      outWeight: 0.33333334
    m_PreInfinity: 2
    m_PostInfinity: 2
    m_RotationOrder: 4
  panLevelCustomCurve:
    serializedVersion: 2
    m_Curve:
    - serializedVersion: 3
      time: 0
      value: 1
      inSlope: 0
      outSlope: 0
      tangentMode: 0
      weightedMode: 0
      inWeight: 0.33333334
      outWeight: 0.33333334
    m_PreInfinity: 2
    m_PostInfinity: 2
    m_RotationOrder: 4
  spreadCustomCurve:
    serializedVersion: 2
    m_Curve:
    - serializedVersion: 3
      time: 0
      value: 0
      inSlope: 0
      outSlope: 0
      tangentMode: 0
      weightedMode: 0
      inWeight: 0.33333334
      outWeight: 0.33333334
    m_PreInfinity: 2
    m_PostInfinity: 2
    m_RotationOrder: 4
  reverbZoneMixCustomCurve:
    serializedVersion: 2
    m_Curve:
    - serializedVersion: 3
      time: 0
      value: 1
      inSlope: 0
      outSlope: 0
      tangentMode: 0
      weightedMode: 0
      inWeight: 0.33333334
      outWeight: 0.33333334
    m_PreInfinity: 2
    m_PostInfinity: 2
    m_RotationOrder: 4
--- !u!1 &8058009296591836602
GameObject:
  m_ObjectHideFlags: 0
  m_CorrespondingSourceObject: {fileID: 0}
  m_PrefabInstance: {fileID: 0}
  m_PrefabAsset: {fileID: 0}
  serializedVersion: 6
  m_Component:
  - component: {fileID: 3538864568360373046}
  - component: {fileID: 9202469481918628494}
  m_Layer: 0
  m_Name: dubstep_short
  m_TagString: Untagged
  m_Icon: {fileID: 0}
  m_NavMeshLayer: 0
  m_StaticEditorFlags: 0
  m_IsActive: 1
--- !u!4 &3538864568360373046
Transform:
  m_ObjectHideFlags: 0
  m_CorrespondingSourceObject: {fileID: 0}
  m_PrefabInstance: {fileID: 0}
  m_PrefabAsset: {fileID: 0}
  m_GameObject: {fileID: 8058009296591836602}
  m_LocalRotation: {x: 0, y: 0, z: 0, w: 1}
  m_LocalPosition: {x: 0, y: 0, z: 0}
  m_LocalScale: {x: 1, y: 1, z: 1}
  m_Children: []
  m_Father: {fileID: 4617416898671572093}
  m_RootOrder: 2
  m_LocalEulerAnglesHint: {x: 0, y: 0, z: 0}
--- !u!82 &9202469481918628494
AudioSource:
  m_ObjectHideFlags: 0
  m_CorrespondingSourceObject: {fileID: 0}
  m_PrefabInstance: {fileID: 0}
  m_PrefabAsset: {fileID: 0}
  m_GameObject: {fileID: 8058009296591836602}
  m_Enabled: 1
  serializedVersion: 4
  OutputAudioMixerGroup: {fileID: 243323462599494228, guid: dad87afbaa63d49c18c83e58e5df01fe,
    type: 2}
  m_audioClip: {fileID: 8300000, guid: e28cae34101904012b22b34676012dad, type: 3}
  m_PlayOnAwake: 1
  m_Volume: 0.65
  m_Pitch: 1
  Loop: 1
  Mute: 0
  Spatialize: 0
  SpatializePostEffects: 0
  Priority: 128
  DopplerLevel: 1
  MinDistance: 1
  MaxDistance: 500
  Pan2D: 0
  rolloffMode: 0
  BypassEffects: 0
  BypassListenerEffects: 0
  BypassReverbZones: 0
  rolloffCustomCurve:
    serializedVersion: 2
    m_Curve:
    - serializedVersion: 3
      time: 0
      value: 1
      inSlope: 0
      outSlope: 0
      tangentMode: 0
      weightedMode: 0
      inWeight: 0.33333334
      outWeight: 0.33333334
    - serializedVersion: 3
      time: 1
      value: 0
      inSlope: 0
      outSlope: 0
      tangentMode: 0
      weightedMode: 0
      inWeight: 0.33333334
      outWeight: 0.33333334
    m_PreInfinity: 2
    m_PostInfinity: 2
    m_RotationOrder: 4
  panLevelCustomCurve:
    serializedVersion: 2
    m_Curve:
    - serializedVersion: 3
      time: 0
      value: 1
      inSlope: 0
      outSlope: 0
      tangentMode: 0
      weightedMode: 0
      inWeight: 0.33333334
      outWeight: 0.33333334
    m_PreInfinity: 2
    m_PostInfinity: 2
    m_RotationOrder: 4
  spreadCustomCurve:
    serializedVersion: 2
    m_Curve:
    - serializedVersion: 3
      time: 0
      value: 0
      inSlope: 0
      outSlope: 0
      tangentMode: 0
      weightedMode: 0
      inWeight: 0.33333334
      outWeight: 0.33333334
    m_PreInfinity: 2
    m_PostInfinity: 2
    m_RotationOrder: 4
  reverbZoneMixCustomCurve:
    serializedVersion: 2
    m_Curve:
    - serializedVersion: 3
      time: 0
      value: 1
      inSlope: 0
      outSlope: 0
      tangentMode: 0
      weightedMode: 0
      inWeight: 0.33333334
      outWeight: 0.33333334
    m_PreInfinity: 2
    m_PostInfinity: 2
    m_RotationOrder: 4
--- !u!1 &8582286204162884035
GameObject:
  m_ObjectHideFlags: 0
  m_CorrespondingSourceObject: {fileID: 0}
  m_PrefabInstance: {fileID: 0}
  m_PrefabAsset: {fileID: 0}
  serializedVersion: 6
  m_Component:
  - component: {fileID: 270555799816296130}
  - component: {fileID: 2588566229942180632}
  m_Layer: 0
  m_Name: dubstep_music
  m_TagString: Untagged
  m_Icon: {fileID: 0}
  m_NavMeshLayer: 0
  m_StaticEditorFlags: 0
  m_IsActive: 1
--- !u!4 &270555799816296130
Transform:
  m_ObjectHideFlags: 0
  m_CorrespondingSourceObject: {fileID: 0}
  m_PrefabInstance: {fileID: 0}
  m_PrefabAsset: {fileID: 0}
  m_GameObject: {fileID: 8582286204162884035}
  m_LocalRotation: {x: 0, y: 0, z: 0, w: 1}
  m_LocalPosition: {x: 0, y: 0, z: 0}
  m_LocalScale: {x: 1, y: 1, z: 1}
  m_Children: []
  m_Father: {fileID: 4617416898671572093}
  m_RootOrder: 1
  m_LocalEulerAnglesHint: {x: 0, y: 0, z: 0}
--- !u!82 &2588566229942180632
AudioSource:
  m_ObjectHideFlags: 0
  m_CorrespondingSourceObject: {fileID: 0}
  m_PrefabInstance: {fileID: 0}
  m_PrefabAsset: {fileID: 0}
  m_GameObject: {fileID: 8582286204162884035}
  m_Enabled: 1
  serializedVersion: 4
  OutputAudioMixerGroup: {fileID: 243213116900143628, guid: dad87afbaa63d49c18c83e58e5df01fe,
    type: 2}
  m_audioClip: {fileID: 8300000, guid: 914477ae70dd745e3bdb0f68a7ca60d2, type: 3}
  m_PlayOnAwake: 1
  m_Volume: 0.65
  m_Pitch: 1
  Loop: 1
  Mute: 0
  Spatialize: 0
  SpatializePostEffects: 0
  Priority: 128
  DopplerLevel: 1
  MinDistance: 1
  MaxDistance: 500
  Pan2D: 0
  rolloffMode: 0
  BypassEffects: 0
  BypassListenerEffects: 0
  BypassReverbZones: 0
  rolloffCustomCurve:
    serializedVersion: 2
    m_Curve:
    - serializedVersion: 3
      time: 0
      value: 1
      inSlope: 0
      outSlope: 0
      tangentMode: 0
      weightedMode: 0
      inWeight: 0.33333334
      outWeight: 0.33333334
    - serializedVersion: 3
      time: 1
      value: 0
      inSlope: 0
      outSlope: 0
      tangentMode: 0
      weightedMode: 0
      inWeight: 0.33333334
      outWeight: 0.33333334
    m_PreInfinity: 2
    m_PostInfinity: 2
    m_RotationOrder: 4
  panLevelCustomCurve:
    serializedVersion: 2
    m_Curve:
    - serializedVersion: 3
      time: 0
      value: 1
      inSlope: 0
      outSlope: 0
      tangentMode: 0
      weightedMode: 0
      inWeight: 0.33333334
      outWeight: 0.33333334
    m_PreInfinity: 2
    m_PostInfinity: 2
    m_RotationOrder: 4
  spreadCustomCurve:
    serializedVersion: 2
    m_Curve:
    - serializedVersion: 3
      time: 0
      value: 0
      inSlope: 0
      outSlope: 0
      tangentMode: 0
      weightedMode: 0
      inWeight: 0.33333334
      outWeight: 0.33333334
    m_PreInfinity: 2
    m_PostInfinity: 2
    m_RotationOrder: 4
  reverbZoneMixCustomCurve:
    serializedVersion: 2
    m_Curve:
    - serializedVersion: 3
      time: 0
      value: 1
      inSlope: 0
      outSlope: 0
      tangentMode: 0
      weightedMode: 0
      inWeight: 0.33333334
      outWeight: 0.33333334
    m_PreInfinity: 2
    m_PostInfinity: 2
    m_RotationOrder: 4
--- !u!1001 &2037267260652677687
PrefabInstance:
  m_ObjectHideFlags: 0
  serializedVersion: 2
  m_Modification:
    m_TransformParent: {fileID: 2037267260254974829}
    m_Modifications:
    - target: {fileID: 1573140078978974, guid: c24a695de0059457e9e7e57f095628de, type: 3}
      propertyPath: m_IsActive
      value: 1
      objectReference: {fileID: 0}
    - target: {fileID: 4148051241603230, guid: c24a695de0059457e9e7e57f095628de, type: 3}
      propertyPath: m_LocalPosition.x
      value: -0.414
      objectReference: {fileID: 0}
    - target: {fileID: 4148051241603230, guid: c24a695de0059457e9e7e57f095628de, type: 3}
      propertyPath: m_LocalPosition.y
      value: 0.047999978
      objectReference: {fileID: 0}
    - target: {fileID: 4148051241603230, guid: c24a695de0059457e9e7e57f095628de, type: 3}
      propertyPath: m_LocalPosition.z
      value: -0.256
      objectReference: {fileID: 0}
    - target: {fileID: 4148051241603230, guid: c24a695de0059457e9e7e57f095628de, type: 3}
      propertyPath: m_LocalRotation.x
      value: 0
      objectReference: {fileID: 0}
    - target: {fileID: 4148051241603230, guid: c24a695de0059457e9e7e57f095628de, type: 3}
      propertyPath: m_LocalRotation.y
      value: 1
      objectReference: {fileID: 0}
    - target: {fileID: 4148051241603230, guid: c24a695de0059457e9e7e57f095628de, type: 3}
      propertyPath: m_LocalRotation.z
      value: 0
      objectReference: {fileID: 0}
    - target: {fileID: 4148051241603230, guid: c24a695de0059457e9e7e57f095628de, type: 3}
      propertyPath: m_LocalRotation.w
      value: 0
      objectReference: {fileID: 0}
    - target: {fileID: 4148051241603230, guid: c24a695de0059457e9e7e57f095628de, type: 3}
      propertyPath: m_RootOrder
      value: 2
      objectReference: {fileID: 0}
    - target: {fileID: 59819851366495566, guid: c24a695de0059457e9e7e57f095628de,
        type: 3}
      propertyPath: m_ConnectedAnchor.x
      value: -0.9414991
      objectReference: {fileID: 0}
    - target: {fileID: 59819851366495566, guid: c24a695de0059457e9e7e57f095628de,
        type: 3}
      propertyPath: m_ConnectedAnchor.y
      value: 0.53689
      objectReference: {fileID: 0}
    - target: {fileID: 59819851366495566, guid: c24a695de0059457e9e7e57f095628de,
        type: 3}
      propertyPath: m_ConnectedAnchor.z
      value: -0.87462676
      objectReference: {fileID: 0}
    m_RemovedComponents: []
  m_SourcePrefab: {fileID: 100100000, guid: c24a695de0059457e9e7e57f095628de, type: 3}
--- !u!4 &2038845744076061353 stripped
Transform:
  m_CorrespondingSourceObject: {fileID: 4148051241603230, guid: c24a695de0059457e9e7e57f095628de,
    type: 3}
  m_PrefabInstance: {fileID: 2037267260652677687}
  m_PrefabAsset: {fileID: 0}
--- !u!1001 &2037267260733740133
PrefabInstance:
  m_ObjectHideFlags: 0
  serializedVersion: 2
  m_Modification:
    m_TransformParent: {fileID: 2037267260356147115}
    m_Modifications:
    - target: {fileID: 4322673531869844, guid: 2fc52d1c548837341baab5d9cf0be6b6, type: 3}
      propertyPath: m_LocalPosition.x
      value: -0.191
      objectReference: {fileID: 0}
    - target: {fileID: 4322673531869844, guid: 2fc52d1c548837341baab5d9cf0be6b6, type: 3}
      propertyPath: m_LocalPosition.y
      value: -0.012
      objectReference: {fileID: 0}
    - target: {fileID: 4322673531869844, guid: 2fc52d1c548837341baab5d9cf0be6b6, type: 3}
      propertyPath: m_LocalPosition.z
      value: -0.188
      objectReference: {fileID: 0}
    - target: {fileID: 4322673531869844, guid: 2fc52d1c548837341baab5d9cf0be6b6, type: 3}
      propertyPath: m_LocalRotation.x
      value: 0
      objectReference: {fileID: 0}
    - target: {fileID: 4322673531869844, guid: 2fc52d1c548837341baab5d9cf0be6b6, type: 3}
      propertyPath: m_LocalRotation.y
      value: 1
      objectReference: {fileID: 0}
    - target: {fileID: 4322673531869844, guid: 2fc52d1c548837341baab5d9cf0be6b6, type: 3}
      propertyPath: m_LocalRotation.z
      value: 0
      objectReference: {fileID: 0}
    - target: {fileID: 4322673531869844, guid: 2fc52d1c548837341baab5d9cf0be6b6, type: 3}
      propertyPath: m_LocalRotation.w
      value: 0
      objectReference: {fileID: 0}
    - target: {fileID: 4322673531869844, guid: 2fc52d1c548837341baab5d9cf0be6b6, type: 3}
      propertyPath: m_RootOrder
      value: 2
      objectReference: {fileID: 0}
    - target: {fileID: 4322673531869844, guid: 2fc52d1c548837341baab5d9cf0be6b6, type: 3}
      propertyPath: m_LocalEulerAnglesHint.z
      value: 0
      objectReference: {fileID: 0}
    - target: {fileID: 4322673531869844, guid: 2fc52d1c548837341baab5d9cf0be6b6, type: 3}
      propertyPath: m_LocalEulerAnglesHint.y
      value: 180
      objectReference: {fileID: 0}
    - target: {fileID: 4322673531869844, guid: 2fc52d1c548837341baab5d9cf0be6b6, type: 3}
      propertyPath: m_LocalScale.x
      value: 0.012
      objectReference: {fileID: 0}
    - target: {fileID: 4322673531869844, guid: 2fc52d1c548837341baab5d9cf0be6b6, type: 3}
      propertyPath: m_LocalScale.y
      value: 0.12
      objectReference: {fileID: 0}
    - target: {fileID: 4322673531869844, guid: 2fc52d1c548837341baab5d9cf0be6b6, type: 3}
      propertyPath: m_LocalScale.z
      value: 0.12
      objectReference: {fileID: 0}
    - target: {fileID: 1188735995075780, guid: 2fc52d1c548837341baab5d9cf0be6b6, type: 3}
      propertyPath: m_IsActive
      value: 1
      objectReference: {fileID: 0}
    - target: {fileID: 54875677787269154, guid: 2fc52d1c548837341baab5d9cf0be6b6,
        type: 3}
      propertyPath: m_IsKinematic
      value: 1
      objectReference: {fileID: 0}
    - target: {fileID: 114272304359807616, guid: 2fc52d1c548837341baab5d9cf0be6b6,
        type: 3}
      propertyPath: startValue
      value: 0.8
      objectReference: {fileID: 0}
    - target: {fileID: 153394994171334938, guid: 2fc52d1c548837341baab5d9cf0be6b6,
        type: 3}
      propertyPath: m_ConnectedAnchor.x
      value: -0.8733722
      objectReference: {fileID: 0}
    - target: {fileID: 153394994171334938, guid: 2fc52d1c548837341baab5d9cf0be6b6,
        type: 3}
      propertyPath: m_ConnectedAnchor.y
      value: 1.1906693
      objectReference: {fileID: 0}
    - target: {fileID: 153394994171334938, guid: 2fc52d1c548837341baab5d9cf0be6b6,
        type: 3}
      propertyPath: m_ConnectedAnchor.z
      value: -1.132689
      objectReference: {fileID: 0}
    m_RemovedComponents:
    - {fileID: 114326382459373068, guid: 2fc52d1c548837341baab5d9cf0be6b6, type: 3}
    - {fileID: 23423499947614412, guid: 2fc52d1c548837341baab5d9cf0be6b6, type: 3}
    - {fileID: 135633961092055320, guid: 2fc52d1c548837341baab5d9cf0be6b6, type: 3}
    - {fileID: 33002960877668354, guid: 2fc52d1c548837341baab5d9cf0be6b6, type: 3}
  m_SourcePrefab: {fileID: 100100000, guid: 2fc52d1c548837341baab5d9cf0be6b6, type: 3}
--- !u!1 &2036166761692694689 stripped
GameObject:
  m_CorrespondingSourceObject: {fileID: 1188735995075780, guid: 2fc52d1c548837341baab5d9cf0be6b6,
    type: 3}
  m_PrefabInstance: {fileID: 2037267260733740133}
  m_PrefabAsset: {fileID: 0}
--- !u!4 &2038592093395980017 stripped
Transform:
  m_CorrespondingSourceObject: {fileID: 4322673531869844, guid: 2fc52d1c548837341baab5d9cf0be6b6,
    type: 3}
  m_PrefabInstance: {fileID: 2037267260733740133}
  m_PrefabAsset: {fileID: 0}
--- !u!114 &2148262968500506341 stripped
MonoBehaviour:
  m_CorrespondingSourceObject: {fileID: 114272304359807616, guid: 2fc52d1c548837341baab5d9cf0be6b6,
    type: 3}
  m_PrefabInstance: {fileID: 2037267260733740133}
  m_PrefabAsset: {fileID: 0}
  m_GameObject: {fileID: 0}
  m_Enabled: 1
  m_EditorHideFlags: 0
  m_Script: {fileID: 11500000, guid: 99a9a0a5c3cc99c4ba41c57536540177, type: 3}
  m_Name: 
  m_EditorClassIdentifier: 
--- !u!1001 &2037267260778660825
PrefabInstance:
  m_ObjectHideFlags: 0
  serializedVersion: 2
  m_Modification:
    m_TransformParent: {fileID: 2037267260356147115}
    m_Modifications:
    - target: {fileID: 429196, guid: 5ae04f72608c13f4e9f58354c96e5df6, type: 3}
      propertyPath: m_LocalPosition.x
      value: -0.106
      objectReference: {fileID: 0}
    - target: {fileID: 429196, guid: 5ae04f72608c13f4e9f58354c96e5df6, type: 3}
      propertyPath: m_LocalPosition.y
      value: -0.076
      objectReference: {fileID: 0}
    - target: {fileID: 429196, guid: 5ae04f72608c13f4e9f58354c96e5df6, type: 3}
      propertyPath: m_LocalPosition.z
      value: -0.024
      objectReference: {fileID: 0}
    - target: {fileID: 429196, guid: 5ae04f72608c13f4e9f58354c96e5df6, type: 3}
      propertyPath: m_LocalRotation.x
      value: 0.65328157
      objectReference: {fileID: 0}
    - target: {fileID: 429196, guid: 5ae04f72608c13f4e9f58354c96e5df6, type: 3}
      propertyPath: m_LocalRotation.y
      value: 0.6532815
      objectReference: {fileID: 0}
    - target: {fileID: 429196, guid: 5ae04f72608c13f4e9f58354c96e5df6, type: 3}
      propertyPath: m_LocalRotation.z
      value: -0.27059805
      objectReference: {fileID: 0}
    - target: {fileID: 429196, guid: 5ae04f72608c13f4e9f58354c96e5df6, type: 3}
      propertyPath: m_LocalRotation.w
      value: 0.27059805
      objectReference: {fileID: 0}
    - target: {fileID: 429196, guid: 5ae04f72608c13f4e9f58354c96e5df6, type: 3}
      propertyPath: m_RootOrder
      value: 4
      objectReference: {fileID: 0}
    - target: {fileID: 429196, guid: 5ae04f72608c13f4e9f58354c96e5df6, type: 3}
      propertyPath: m_LocalScale.x
      value: 0.10000005
      objectReference: {fileID: 0}
    - target: {fileID: 429196, guid: 5ae04f72608c13f4e9f58354c96e5df6, type: 3}
      propertyPath: m_LocalScale.y
      value: 0.10000006
      objectReference: {fileID: 0}
    - target: {fileID: 429196, guid: 5ae04f72608c13f4e9f58354c96e5df6, type: 3}
      propertyPath: m_LocalScale.z
      value: 0.10000004
      objectReference: {fileID: 0}
    - target: {fileID: 429196, guid: 5ae04f72608c13f4e9f58354c96e5df6, type: 3}
      propertyPath: m_LocalEulerAnglesHint.z
      value: 90.00001
      objectReference: {fileID: 0}
    - target: {fileID: 429196, guid: 5ae04f72608c13f4e9f58354c96e5df6, type: 3}
      propertyPath: m_LocalEulerAnglesHint.x
      value: 45.000004
      objectReference: {fileID: 0}
    - target: {fileID: 429196, guid: 5ae04f72608c13f4e9f58354c96e5df6, type: 3}
      propertyPath: m_LocalEulerAnglesHint.y
      value: 180
      objectReference: {fileID: 0}
    - target: {fileID: 6498716, guid: 5ae04f72608c13f4e9f58354c96e5df6, type: 3}
      propertyPath: m_IsTrigger
      value: 1
      objectReference: {fileID: 0}
    - target: {fileID: 5915466, guid: 5ae04f72608c13f4e9f58354c96e5df6, type: 3}
      propertyPath: m_ConnectedAnchor.x
      value: -0.7256758
      objectReference: {fileID: 0}
    - target: {fileID: 5915466, guid: 5ae04f72608c13f4e9f58354c96e5df6, type: 3}
      propertyPath: m_ConnectedAnchor.y
      value: 1.1266694
      objectReference: {fileID: 0}
    - target: {fileID: 5915466, guid: 5ae04f72608c13f4e9f58354c96e5df6, type: 3}
      propertyPath: m_ConnectedAnchor.z
      value: -1.2606999
      objectReference: {fileID: 0}
    - target: {fileID: 5465280, guid: 5ae04f72608c13f4e9f58354c96e5df6, type: 3}
      propertyPath: m_IsKinematic
      value: 1
      objectReference: {fileID: 0}
    m_RemovedComponents:
    - {fileID: 11439456, guid: 5ae04f72608c13f4e9f58354c96e5df6, type: 3}
    - {fileID: 10282236, guid: 5ae04f72608c13f4e9f58354c96e5df6, type: 3}
  m_SourcePrefab: {fileID: 100100000, guid: 5ae04f72608c13f4e9f58354c96e5df6, type: 3}
--- !u!4 &2037267260778237781 stripped
Transform:
  m_CorrespondingSourceObject: {fileID: 429196, guid: 5ae04f72608c13f4e9f58354c96e5df6,
    type: 3}
  m_PrefabInstance: {fileID: 2037267260778660825}
  m_PrefabAsset: {fileID: 0}
--- !u!4 &2037267260778345469 stripped
Transform:
  m_CorrespondingSourceObject: {fileID: 471076, guid: 5ae04f72608c13f4e9f58354c96e5df6,
    type: 3}
  m_PrefabInstance: {fileID: 2037267260778660825}
  m_PrefabAsset: {fileID: 0}
--- !u!1 &2037267260778495715 stripped
GameObject:
  m_CorrespondingSourceObject: {fileID: 195898, guid: 5ae04f72608c13f4e9f58354c96e5df6,
    type: 3}
  m_PrefabInstance: {fileID: 2037267260778660825}
  m_PrefabAsset: {fileID: 0}
--- !u!1001 &2037267261548230645
PrefabInstance:
  m_ObjectHideFlags: 0
  serializedVersion: 2
  m_Modification:
    m_TransformParent: {fileID: 2037267260254974829}
    m_Modifications:
    - target: {fileID: 1573140078978974, guid: c24a695de0059457e9e7e57f095628de, type: 3}
      propertyPath: m_Name
      value: Door (1)
      objectReference: {fileID: 0}
    - target: {fileID: 1573140078978974, guid: c24a695de0059457e9e7e57f095628de, type: 3}
      propertyPath: m_IsActive
      value: 1
      objectReference: {fileID: 0}
    - target: {fileID: 4148051241603230, guid: c24a695de0059457e9e7e57f095628de, type: 3}
      propertyPath: m_LocalPosition.x
      value: -0.414
      objectReference: {fileID: 0}
    - target: {fileID: 4148051241603230, guid: c24a695de0059457e9e7e57f095628de, type: 3}
      propertyPath: m_LocalPosition.y
      value: 0.048
      objectReference: {fileID: 0}
    - target: {fileID: 4148051241603230, guid: c24a695de0059457e9e7e57f095628de, type: 3}
      propertyPath: m_LocalPosition.z
      value: 0.248
      objectReference: {fileID: 0}
    - target: {fileID: 4148051241603230, guid: c24a695de0059457e9e7e57f095628de, type: 3}
      propertyPath: m_LocalRotation.x
      value: 0
      objectReference: {fileID: 0}
    - target: {fileID: 4148051241603230, guid: c24a695de0059457e9e7e57f095628de, type: 3}
      propertyPath: m_LocalRotation.y
      value: 0
      objectReference: {fileID: 0}
    - target: {fileID: 4148051241603230, guid: c24a695de0059457e9e7e57f095628de, type: 3}
      propertyPath: m_LocalRotation.z
      value: 0
      objectReference: {fileID: 0}
    - target: {fileID: 4148051241603230, guid: c24a695de0059457e9e7e57f095628de, type: 3}
      propertyPath: m_LocalRotation.w
      value: 1
      objectReference: {fileID: 0}
    - target: {fileID: 4148051241603230, guid: c24a695de0059457e9e7e57f095628de, type: 3}
      propertyPath: m_RootOrder
      value: 3
      objectReference: {fileID: 0}
    - target: {fileID: 4148051241603230, guid: c24a695de0059457e9e7e57f095628de, type: 3}
      propertyPath: m_LocalScale.x
      value: 0.013525751
      objectReference: {fileID: 0}
    - target: {fileID: 4148051241603230, guid: c24a695de0059457e9e7e57f095628de, type: 3}
      propertyPath: m_LocalScale.z
      value: 0.47804275
      objectReference: {fileID: 0}
    - target: {fileID: 4148051241603230, guid: c24a695de0059457e9e7e57f095628de, type: 3}
      propertyPath: m_LocalScale.y
      value: 0.67731166
      objectReference: {fileID: 0}
    - target: {fileID: 4148051241603230, guid: c24a695de0059457e9e7e57f095628de, type: 3}
      propertyPath: m_LocalEulerAnglesHint.y
      value: 0
      objectReference: {fileID: 0}
    - target: {fileID: 59819851366495566, guid: c24a695de0059457e9e7e57f095628de,
        type: 3}
      propertyPath: m_ConnectedAnchor.z
      value: -1.1180167
      objectReference: {fileID: 0}
    - target: {fileID: 59819851366495566, guid: c24a695de0059457e9e7e57f095628de,
        type: 3}
      propertyPath: m_ConnectedAnchor.x
      value: 0.009999692
      objectReference: {fileID: 0}
    - target: {fileID: 59819851366495566, guid: c24a695de0059457e9e7e57f095628de,
        type: 3}
      propertyPath: m_ConnectedAnchor.y
      value: 0.53689
      objectReference: {fileID: 0}
    m_RemovedComponents: []
  m_SourcePrefab: {fileID: 100100000, guid: c24a695de0059457e9e7e57f095628de, type: 3}
--- !u!4 &2038845743377770347 stripped
Transform:
  m_CorrespondingSourceObject: {fileID: 4148051241603230, guid: c24a695de0059457e9e7e57f095628de,
    type: 3}
  m_PrefabInstance: {fileID: 2037267261548230645}
  m_PrefabAsset: {fileID: 0}
--- !u!1001 &5496655722625659288
PrefabInstance:
  m_ObjectHideFlags: 0
  serializedVersion: 2
  m_Modification:
    m_TransformParent: {fileID: 2037267260356147115}
    m_Modifications:
    - target: {fileID: 1986563924879590, guid: e6429dd2c5b264da2baca7db810d2f30, type: 3}
      propertyPath: m_Name
      value: Button
      objectReference: {fileID: 0}
    - target: {fileID: 4313784125344790, guid: e6429dd2c5b264da2baca7db810d2f30, type: 3}
      propertyPath: m_LocalPosition.x
      value: -0.2076
      objectReference: {fileID: 0}
    - target: {fileID: 4313784125344790, guid: e6429dd2c5b264da2baca7db810d2f30, type: 3}
      propertyPath: m_LocalPosition.y
      value: 0.081
      objectReference: {fileID: 0}
    - target: {fileID: 4313784125344790, guid: e6429dd2c5b264da2baca7db810d2f30, type: 3}
      propertyPath: m_LocalPosition.z
      value: 0.166
      objectReference: {fileID: 0}
    - target: {fileID: 4313784125344790, guid: e6429dd2c5b264da2baca7db810d2f30, type: 3}
      propertyPath: m_LocalRotation.x
      value: 0
      objectReference: {fileID: 0}
    - target: {fileID: 4313784125344790, guid: e6429dd2c5b264da2baca7db810d2f30, type: 3}
      propertyPath: m_LocalRotation.y
      value: 0
      objectReference: {fileID: 0}
    - target: {fileID: 4313784125344790, guid: e6429dd2c5b264da2baca7db810d2f30, type: 3}
      propertyPath: m_LocalRotation.z
      value: 0.7071068
      objectReference: {fileID: 0}
    - target: {fileID: 4313784125344790, guid: e6429dd2c5b264da2baca7db810d2f30, type: 3}
      propertyPath: m_LocalRotation.w
      value: 0.7071068
      objectReference: {fileID: 0}
    - target: {fileID: 4313784125344790, guid: e6429dd2c5b264da2baca7db810d2f30, type: 3}
      propertyPath: m_RootOrder
      value: 3
      objectReference: {fileID: 0}
    - target: {fileID: 4313784125344790, guid: e6429dd2c5b264da2baca7db810d2f30, type: 3}
      propertyPath: m_LocalEulerAnglesHint.x
      value: 0
      objectReference: {fileID: 0}
    - target: {fileID: 4313784125344790, guid: e6429dd2c5b264da2baca7db810d2f30, type: 3}
      propertyPath: m_LocalEulerAnglesHint.y
      value: 0
      objectReference: {fileID: 0}
    - target: {fileID: 4313784125344790, guid: e6429dd2c5b264da2baca7db810d2f30, type: 3}
      propertyPath: m_LocalEulerAnglesHint.z
      value: 90
      objectReference: {fileID: 0}
    - target: {fileID: 4313784125344790, guid: e6429dd2c5b264da2baca7db810d2f30, type: 3}
      propertyPath: m_LocalScale.x
      value: 0.07
      objectReference: {fileID: 0}
    - target: {fileID: 4313784125344790, guid: e6429dd2c5b264da2baca7db810d2f30, type: 3}
      propertyPath: m_LocalScale.y
      value: 0.07
      objectReference: {fileID: 0}
    - target: {fileID: 4313784125344790, guid: e6429dd2c5b264da2baca7db810d2f30, type: 3}
      propertyPath: m_LocalScale.z
      value: 0.07
      objectReference: {fileID: 0}
    - target: {fileID: 8152006046479257136, guid: e6429dd2c5b264da2baca7db810d2f30,
        type: 3}
      propertyPath: OnButtonPressed.m_PersistentCalls.m_Calls.Array.size
      value: 1
      objectReference: {fileID: 0}
    - target: {fileID: 8152006046479257136, guid: e6429dd2c5b264da2baca7db810d2f30,
        type: 3}
      propertyPath: OnButtonPressed.m_PersistentCalls.m_Calls.Array.data[0].m_Mode
      value: 1
      objectReference: {fileID: 0}
    - target: {fileID: 8152006046479257136, guid: e6429dd2c5b264da2baca7db810d2f30,
        type: 3}
      propertyPath: OnButtonPressed.m_PersistentCalls.m_Calls.Array.data[0].m_CallState
      value: 2
      objectReference: {fileID: 0}
    - target: {fileID: 8152006046479257136, guid: e6429dd2c5b264da2baca7db810d2f30,
        type: 3}
      propertyPath: OnButtonPressed.m_PersistentCalls.m_Calls.Array.data[0].m_Target
      value: 
      objectReference: {fileID: 4450189057546282659}
    - target: {fileID: 8152006046479257136, guid: e6429dd2c5b264da2baca7db810d2f30,
        type: 3}
      propertyPath: OnButtonPressed.m_PersistentCalls.m_Calls.Array.data[0].m_MethodName
      value: TogglePower
      objectReference: {fileID: 0}
    - target: {fileID: 8152006046479257136, guid: e6429dd2c5b264da2baca7db810d2f30,
        type: 3}
      propertyPath: OnButtonPressed.m_PersistentCalls.m_Calls.Array.data[0].m_Arguments.m_ObjectArgumentAssemblyTypeName
      value: UnityEngine.Object, UnityEngine
      objectReference: {fileID: 0}
    m_RemovedComponents: []
  m_SourcePrefab: {fileID: 100100000, guid: e6429dd2c5b264da2baca7db810d2f30, type: 3}
--- !u!4 &5496458751635733902 stripped
Transform:
  m_CorrespondingSourceObject: {fileID: 4313784125344790, guid: e6429dd2c5b264da2baca7db810d2f30,
    type: 3}
  m_PrefabInstance: {fileID: 5496655722625659288}
  m_PrefabAsset: {fileID: 0}
