%YAML 1.1
%TAG !u! tag:unity3d.com,2011:
--- !u!1 &3136424927631969430
GameObject:
  m_ObjectHideFlags: 0
  m_CorrespondingSourceObject: {fileID: 0}
  m_PrefabInstance: {fileID: 0}
  m_PrefabAsset: {fileID: 0}
  serializedVersion: 6
  m_Component:
  - component: {fileID: 3427479970971024057}
  - component: {fileID: 893251246024093799}
  m_Layer: 0
  m_Name: Buttons
  m_TagString: Untagged
  m_Icon: {fileID: 0}
  m_NavMeshLayer: 0
  m_StaticEditorFlags: 0
  m_IsActive: 1
--- !u!4 &3427479970971024057
Transform:
  m_ObjectHideFlags: 0
  m_CorrespondingSourceObject: {fileID: 0}
  m_PrefabInstance: {fileID: 0}
  m_PrefabAsset: {fileID: 0}
  m_GameObject: {fileID: 3136424927631969430}
  m_LocalRotation: {x: 0, y: 0, z: 0, w: 1}
  m_LocalPosition: {x: 0, y: 0, z: 0}
  m_LocalScale: {x: 1, y: 1, z: 1}
  m_Children:
  - {fileID: 7635885010024915250}
  - {fileID: 7807249377605322347}
  - {fileID: 5871261355221388535}
  - {fileID: 4919586604215360656}
  m_Father: {fileID: 9156000694196568503}
  m_RootOrder: 1
  m_LocalEulerAnglesHint: {x: 0, y: 0, z: 0}
--- !u!114 &893251246024093799
MonoBehaviour:
  m_ObjectHideFlags: 0
  m_CorrespondingSourceObject: {fileID: 0}
  m_PrefabInstance: {fileID: 0}
  m_PrefabAsset: {fileID: 0}
  m_GameObject: {fileID: 3136424927631969430}
  m_Enabled: 1
  m_EditorHideFlags: 0
  m_Script: {fileID: 11500000, guid: 3e0da2835f9695345a5250b90f17e332, type: 3}
  m_Name: 
  m_EditorClassIdentifier: 
  environments: []
--- !u!114 &8296190429485254804
MonoBehaviour:
  m_ObjectHideFlags: 0
  m_CorrespondingSourceObject: {fileID: 0}
  m_PrefabInstance: {fileID: 0}
  m_PrefabAsset: {fileID: 0}
  m_GameObject: {fileID: 4921797132404127840}
  m_Enabled: 1
  m_EditorHideFlags: 0
  m_Script: {fileID: 11500000, guid: 792671499cb17224caa99aae69e9cb60, type: 3}
  m_Name: 
  m_EditorClassIdentifier: 
  environmentToChangeTo: {fileID: 0}
--- !u!114 &4430990632390237493
MonoBehaviour:
  m_ObjectHideFlags: 0
  m_CorrespondingSourceObject: {fileID: 0}
  m_PrefabInstance: {fileID: 0}
  m_PrefabAsset: {fileID: 0}
  m_GameObject: {fileID: 5868951733548230663}
  m_Enabled: 1
  m_EditorHideFlags: 0
  m_Script: {fileID: 11500000, guid: 792671499cb17224caa99aae69e9cb60, type: 3}
  m_Name: 
  m_EditorClassIdentifier: 
  environmentToChangeTo: {fileID: 0}
--- !u!114 &5023565103001285394
MonoBehaviour:
  m_ObjectHideFlags: 0
  m_CorrespondingSourceObject: {fileID: 0}
  m_PrefabInstance: {fileID: 0}
  m_PrefabAsset: {fileID: 0}
  m_GameObject: {fileID: 7633673300895253954}
  m_Enabled: 1
  m_EditorHideFlags: 0
  m_Script: {fileID: 11500000, guid: 792671499cb17224caa99aae69e9cb60, type: 3}
  m_Name: 
  m_EditorClassIdentifier: 
  environmentToChangeTo: {fileID: 0}
--- !u!114 &4052257985932884171
MonoBehaviour:
  m_ObjectHideFlags: 0
  m_CorrespondingSourceObject: {fileID: 0}
  m_PrefabInstance: {fileID: 0}
  m_PrefabAsset: {fileID: 0}
  m_GameObject: {fileID: 7804938712402567835}
  m_Enabled: 1
  m_EditorHideFlags: 0
  m_Script: {fileID: 11500000, guid: 792671499cb17224caa99aae69e9cb60, type: 3}
  m_Name: 
  m_EditorClassIdentifier: 
  environmentToChangeTo: {fileID: 0}
--- !u!1 &9156000693486109777
GameObject:
  m_ObjectHideFlags: 0
  m_CorrespondingSourceObject: {fileID: 0}
  m_PrefabInstance: {fileID: 0}
  m_PrefabAsset: {fileID: 0}
  serializedVersion: 6
  m_Component:
  - component: {fileID: 9156000693486109778}
  - component: {fileID: 9156000693486109789}
  - component: {fileID: 9156000693486109788}
  - component: {fileID: 9156000693486109779}
  - component: {fileID: 5599419173867281069}
  m_Layer: 0
  m_Name: Stand
  m_TagString: Untagged
  m_Icon: {fileID: 0}
  m_NavMeshLayer: 0
  m_StaticEditorFlags: 0
  m_IsActive: 1
--- !u!4 &9156000693486109778
Transform:
  m_ObjectHideFlags: 0
  m_CorrespondingSourceObject: {fileID: 0}
  m_PrefabInstance: {fileID: 0}
  m_PrefabAsset: {fileID: 0}
  m_GameObject: {fileID: 9156000693486109777}
  m_LocalRotation: {x: -0, y: -0, z: -0, w: 1}
  m_LocalPosition: {x: 0, y: 0, z: 0}
  m_LocalScale: {x: 0.5681304, y: 0.97778, z: 0.44479004}
  m_Children: []
  m_Father: {fileID: 9156000694196568503}
  m_RootOrder: 0
  m_LocalEulerAnglesHint: {x: 0, y: -43.391003, z: 0}
--- !u!33 &9156000693486109789
MeshFilter:
  m_ObjectHideFlags: 0
  m_CorrespondingSourceObject: {fileID: 0}
  m_PrefabInstance: {fileID: 0}
  m_PrefabAsset: {fileID: 0}
  m_GameObject: {fileID: 9156000693486109777}
  m_Mesh: {fileID: 10202, guid: 0000000000000000e000000000000000, type: 0}
--- !u!23 &9156000693486109788
MeshRenderer:
  m_ObjectHideFlags: 0
  m_CorrespondingSourceObject: {fileID: 0}
  m_PrefabInstance: {fileID: 0}
  m_PrefabAsset: {fileID: 0}
  m_GameObject: {fileID: 9156000693486109777}
  m_Enabled: 1
  m_CastShadows: 1
  m_ReceiveShadows: 1
  m_DynamicOccludee: 1
  m_MotionVectors: 1
  m_LightProbeUsage: 1
  m_ReflectionProbeUsage: 1
  m_RenderingLayerMask: 4294967295
  m_RendererPriority: 0
  m_Materials:
  - {fileID: 2100000, guid: 150755664401e4b488d687efbab0fea6, type: 2}
  m_StaticBatchInfo:
    firstSubMesh: 0
    subMeshCount: 0
  m_StaticBatchRoot: {fileID: 0}
  m_ProbeAnchor: {fileID: 0}
  m_LightProbeVolumeOverride: {fileID: 0}
  m_ScaleInLightmap: 1
  m_PreserveUVs: 0
  m_IgnoreNormalsForChartDetection: 0
  m_ImportantGI: 0
  m_StitchLightmapSeams: 0
  m_SelectedEditorRenderState: 3
  m_MinimumChartSize: 4
  m_AutoUVMaxDistance: 0.5
  m_AutoUVMaxAngle: 89
  m_LightmapParameters: {fileID: 0}
  m_SortingLayerID: 0
  m_SortingLayer: 0
  m_SortingOrder: 0
--- !u!65 &9156000693486109779
BoxCollider:
  m_ObjectHideFlags: 0
  m_CorrespondingSourceObject: {fileID: 0}
  m_PrefabInstance: {fileID: 0}
  m_PrefabAsset: {fileID: 0}
  m_GameObject: {fileID: 9156000693486109777}
  m_Material: {fileID: 0}
  m_IsTrigger: 0
  m_Enabled: 1
  serializedVersion: 2
  m_Size: {x: 1, y: 1, z: 1}
  m_Center: {x: 0, y: 0, z: 0}
--- !u!114 &5599419173867281069
MonoBehaviour:
  m_ObjectHideFlags: 0
  m_CorrespondingSourceObject: {fileID: 0}
  m_PrefabInstance: {fileID: 0}
  m_PrefabAsset: {fileID: 0}
  m_GameObject: {fileID: 9156000693486109777}
  m_Enabled: 1
  m_EditorHideFlags: 0
  m_Script: {fileID: 11500000, guid: 5acc68a2ecf98824ba3f8fa739c53028, type: 3}
  m_Name: 
  m_EditorClassIdentifier: 
  Material: 3
--- !u!1 &9156000694196568502
GameObject:
  m_ObjectHideFlags: 0
  m_CorrespondingSourceObject: {fileID: 0}
  m_PrefabInstance: {fileID: 0}
  m_PrefabAsset: {fileID: 0}
  serializedVersion: 6
  m_Component:
  - component: {fileID: 9156000694196568503}
  m_Layer: 0
  m_Name: Travelling
  m_TagString: Untagged
  m_Icon: {fileID: 0}
  m_NavMeshLayer: 0
  m_StaticEditorFlags: 0
  m_IsActive: 1
--- !u!4 &9156000694196568503
Transform:
  m_ObjectHideFlags: 0
  m_CorrespondingSourceObject: {fileID: 0}
  m_PrefabInstance: {fileID: 0}
  m_PrefabAsset: {fileID: 0}
  m_GameObject: {fileID: 9156000694196568502}
  m_LocalRotation: {x: 0, y: -0.36967376, z: 0, w: 0.92916167}
  m_LocalPosition: {x: -0.844, y: 0.48889, z: 1.176}
  m_LocalScale: {x: 1, y: 1, z: 1}
  m_Children:
  - {fileID: 9156000693486109778}
  - {fileID: 3427479970971024057}
  m_Father: {fileID: 0}
  m_RootOrder: 0
  m_LocalEulerAnglesHint: {x: 0, y: -43.391003, z: 0}
--- !u!1001 &4920942006209548422
PrefabInstance:
  m_ObjectHideFlags: 0
  serializedVersion: 2
  m_Modification:
    m_TransformParent: {fileID: 3427479970971024057}
    m_Modifications:
    - target: {fileID: 1986563924879590, guid: e6429dd2c5b264da2baca7db810d2f30, type: 3}
      propertyPath: m_Name
      value: TravellingButton2_Forest
      objectReference: {fileID: 0}
    - target: {fileID: 4313784125344790, guid: e6429dd2c5b264da2baca7db810d2f30, type: 3}
      propertyPath: m_LocalPosition.x
      value: 0
      objectReference: {fileID: 0}
    - target: {fileID: 4313784125344790, guid: e6429dd2c5b264da2baca7db810d2f30, type: 3}
      propertyPath: m_LocalPosition.y
      value: 0.52208
      objectReference: {fileID: 0}
    - target: {fileID: 4313784125344790, guid: e6429dd2c5b264da2baca7db810d2f30, type: 3}
      propertyPath: m_LocalPosition.z
      value: -0.061000045
      objectReference: {fileID: 0}
    - target: {fileID: 4313784125344790, guid: e6429dd2c5b264da2baca7db810d2f30, type: 3}
      propertyPath: m_LocalRotation.x
      value: -0
      objectReference: {fileID: 0}
    - target: {fileID: 4313784125344790, guid: e6429dd2c5b264da2baca7db810d2f30, type: 3}
      propertyPath: m_LocalRotation.y
      value: -0
      objectReference: {fileID: 0}
    - target: {fileID: 4313784125344790, guid: e6429dd2c5b264da2baca7db810d2f30, type: 3}
      propertyPath: m_LocalRotation.z
      value: -0
      objectReference: {fileID: 0}
    - target: {fileID: 4313784125344790, guid: e6429dd2c5b264da2baca7db810d2f30, type: 3}
      propertyPath: m_LocalRotation.w
      value: 1
      objectReference: {fileID: 0}
    - target: {fileID: 4313784125344790, guid: e6429dd2c5b264da2baca7db810d2f30, type: 3}
      propertyPath: m_RootOrder
      value: 3
      objectReference: {fileID: 0}
    - target: {fileID: 4313784125344790, guid: e6429dd2c5b264da2baca7db810d2f30, type: 3}
      propertyPath: m_LocalEulerAnglesHint.x
      value: 0
      objectReference: {fileID: 0}
    - target: {fileID: 4313784125344790, guid: e6429dd2c5b264da2baca7db810d2f30, type: 3}
      propertyPath: m_LocalEulerAnglesHint.y
      value: 0
      objectReference: {fileID: 0}
    - target: {fileID: 4313784125344790, guid: e6429dd2c5b264da2baca7db810d2f30, type: 3}
      propertyPath: m_LocalEulerAnglesHint.z
      value: 90
      objectReference: {fileID: 0}
    - target: {fileID: 4313784125344790, guid: e6429dd2c5b264da2baca7db810d2f30, type: 3}
      propertyPath: m_LocalScale.x
      value: 0.06358004
      objectReference: {fileID: 0}
    - target: {fileID: 4313784125344790, guid: e6429dd2c5b264da2baca7db810d2f30, type: 3}
      propertyPath: m_LocalScale.y
      value: 0.06358
      objectReference: {fileID: 0}
    - target: {fileID: 4313784125344790, guid: e6429dd2c5b264da2baca7db810d2f30, type: 3}
      propertyPath: m_LocalScale.z
      value: 0.06358004
      objectReference: {fileID: 0}
    - target: {fileID: 1921914033194434241, guid: e6429dd2c5b264da2baca7db810d2f30,
        type: 3}
      propertyPath: m_IsActive
      value: 1
      objectReference: {fileID: 0}
    - target: {fileID: 8152006046479257136, guid: e6429dd2c5b264da2baca7db810d2f30,
        type: 3}
      propertyPath: OnButtonPressed.m_PersistentCalls.m_Calls.Array.size
      value: 1
      objectReference: {fileID: 0}
    - target: {fileID: 8152006046479257136, guid: e6429dd2c5b264da2baca7db810d2f30,
        type: 3}
      propertyPath: OnButtonPressed.m_PersistentCalls.m_Calls.Array.data[0].m_Mode
      value: 1
      objectReference: {fileID: 0}
    - target: {fileID: 8152006046479257136, guid: e6429dd2c5b264da2baca7db810d2f30,
        type: 3}
      propertyPath: OnButtonPressed.m_PersistentCalls.m_Calls.Array.data[0].m_CallState
      value: 2
      objectReference: {fileID: 0}
    - target: {fileID: 8152006046479257136, guid: e6429dd2c5b264da2baca7db810d2f30,
        type: 3}
      propertyPath: OnButtonPressed.m_PersistentCalls.m_Calls.Array.data[0].m_Target
      value: 
      objectReference: {fileID: 8296190429485254804}
    - target: {fileID: 8152006046479257136, guid: e6429dd2c5b264da2baca7db810d2f30,
        type: 3}
      propertyPath: OnButtonPressed.m_PersistentCalls.m_Calls.Array.data[0].m_MethodName
      value: TriggerStart
      objectReference: {fileID: 0}
    - target: {fileID: 8152006046479257136, guid: e6429dd2c5b264da2baca7db810d2f30,
        type: 3}
      propertyPath: OnButtonPressed.m_PersistentCalls.m_Calls.Array.data[0].m_Arguments.m_ObjectArgumentAssemblyTypeName
      value: UnityEngine.Object, UnityEngine
      objectReference: {fileID: 0}
    - target: {fileID: 5527283362198432506, guid: e6429dd2c5b264da2baca7db810d2f30,
        type: 3}
      propertyPath: m_text
      value: Forest
      objectReference: {fileID: 0}
    - target: {fileID: 5527283362198432506, guid: e6429dd2c5b264da2baca7db810d2f30,
        type: 3}
      propertyPath: m_havePropertiesChanged
      value: 0
      objectReference: {fileID: 0}
    - target: {fileID: 5527283362198432506, guid: e6429dd2c5b264da2baca7db810d2f30,
        type: 3}
      propertyPath: m_isInputParsingRequired
      value: 0
      objectReference: {fileID: 0}
    - target: {fileID: 5527283362198432506, guid: e6429dd2c5b264da2baca7db810d2f30,
        type: 3}
      propertyPath: m_textInfo.characterCount
      value: 6
      objectReference: {fileID: 0}
    - target: {fileID: 5527283362198432506, guid: e6429dd2c5b264da2baca7db810d2f30,
        type: 3}
      propertyPath: m_textInfo.spaceCount
      value: 0
      objectReference: {fileID: 0}
    - target: {fileID: 5527283362198432506, guid: e6429dd2c5b264da2baca7db810d2f30,
        type: 3}
      propertyPath: m_textInfo.wordCount
      value: 1
      objectReference: {fileID: 0}
    - target: {fileID: 5527283362198432506, guid: e6429dd2c5b264da2baca7db810d2f30,
        type: 3}
      propertyPath: m_fontAsset
      value: 
      objectReference: {fileID: 11400000, guid: 8f586378b4e144a9851e7b34d9b748ee,
        type: 2}
    - target: {fileID: 5419521037918469242, guid: e6429dd2c5b264da2baca7db810d2f30,
        type: 3}
      propertyPath: m_Mesh
      value: 
      objectReference: {fileID: 0}
    - target: {fileID: 5847271628760144455, guid: e6429dd2c5b264da2baca7db810d2f30,
        type: 3}
      propertyPath: m_IsActive
      value: 1
      objectReference: {fileID: 0}
    - target: {fileID: 4135493671038026860, guid: e6429dd2c5b264da2baca7db810d2f30,
        type: 3}
      propertyPath: m_Text
      value: Forest
      objectReference: {fileID: 0}
    m_RemovedComponents: []
  m_SourcePrefab: {fileID: 100100000, guid: e6429dd2c5b264da2baca7db810d2f30, type: 3}
--- !u!1 &4921797132404127840 stripped
GameObject:
  m_CorrespondingSourceObject: {fileID: 1986563924879590, guid: e6429dd2c5b264da2baca7db810d2f30,
    type: 3}
  m_PrefabInstance: {fileID: 4920942006209548422}
  m_PrefabAsset: {fileID: 0}
--- !u!4 &4919586604215360656 stripped
Transform:
  m_CorrespondingSourceObject: {fileID: 4313784125344790, guid: e6429dd2c5b264da2baca7db810d2f30,
    type: 3}
  m_PrefabInstance: {fileID: 4920942006209548422}
  m_PrefabAsset: {fileID: 0}
--- !u!1001 &5869802496056017121
PrefabInstance:
  m_ObjectHideFlags: 0
  serializedVersion: 2
  m_Modification:
    m_TransformParent: {fileID: 3427479970971024057}
    m_Modifications:
    - target: {fileID: 1986563924879590, guid: e6429dd2c5b264da2baca7db810d2f30, type: 3}
      propertyPath: m_Name
      value: TravellingButton1_Space
      objectReference: {fileID: 0}
    - target: {fileID: 4313784125344790, guid: e6429dd2c5b264da2baca7db810d2f30, type: 3}
      propertyPath: m_LocalPosition.x
      value: 0.14
      objectReference: {fileID: 0}
    - target: {fileID: 4313784125344790, guid: e6429dd2c5b264da2baca7db810d2f30, type: 3}
      propertyPath: m_LocalPosition.y
      value: 0.52208
      objectReference: {fileID: 0}
    - target: {fileID: 4313784125344790, guid: e6429dd2c5b264da2baca7db810d2f30, type: 3}
      propertyPath: m_LocalPosition.z
      value: -0.061
      objectReference: {fileID: 0}
    - target: {fileID: 4313784125344790, guid: e6429dd2c5b264da2baca7db810d2f30, type: 3}
      propertyPath: m_LocalRotation.x
      value: -0
      objectReference: {fileID: 0}
    - target: {fileID: 4313784125344790, guid: e6429dd2c5b264da2baca7db810d2f30, type: 3}
      propertyPath: m_LocalRotation.y
      value: -0
      objectReference: {fileID: 0}
    - target: {fileID: 4313784125344790, guid: e6429dd2c5b264da2baca7db810d2f30, type: 3}
      propertyPath: m_LocalRotation.z
      value: -0
      objectReference: {fileID: 0}
    - target: {fileID: 4313784125344790, guid: e6429dd2c5b264da2baca7db810d2f30, type: 3}
      propertyPath: m_LocalRotation.w
      value: 1
      objectReference: {fileID: 0}
    - target: {fileID: 4313784125344790, guid: e6429dd2c5b264da2baca7db810d2f30, type: 3}
      propertyPath: m_RootOrder
      value: 2
      objectReference: {fileID: 0}
    - target: {fileID: 4313784125344790, guid: e6429dd2c5b264da2baca7db810d2f30, type: 3}
      propertyPath: m_LocalEulerAnglesHint.x
      value: 0
      objectReference: {fileID: 0}
    - target: {fileID: 4313784125344790, guid: e6429dd2c5b264da2baca7db810d2f30, type: 3}
      propertyPath: m_LocalEulerAnglesHint.y
      value: 0
      objectReference: {fileID: 0}
    - target: {fileID: 4313784125344790, guid: e6429dd2c5b264da2baca7db810d2f30, type: 3}
      propertyPath: m_LocalEulerAnglesHint.z
      value: 90
      objectReference: {fileID: 0}
    - target: {fileID: 4313784125344790, guid: e6429dd2c5b264da2baca7db810d2f30, type: 3}
      propertyPath: m_LocalScale.x
      value: 0.06358004
      objectReference: {fileID: 0}
    - target: {fileID: 4313784125344790, guid: e6429dd2c5b264da2baca7db810d2f30, type: 3}
      propertyPath: m_LocalScale.y
      value: 0.06358
      objectReference: {fileID: 0}
    - target: {fileID: 4313784125344790, guid: e6429dd2c5b264da2baca7db810d2f30, type: 3}
      propertyPath: m_LocalScale.z
      value: 0.06358004
      objectReference: {fileID: 0}
    - target: {fileID: 1921914033194434241, guid: e6429dd2c5b264da2baca7db810d2f30,
        type: 3}
      propertyPath: m_IsActive
      value: 1
      objectReference: {fileID: 0}
    - target: {fileID: 8152006046479257136, guid: e6429dd2c5b264da2baca7db810d2f30,
        type: 3}
      propertyPath: OnButtonPressed.m_PersistentCalls.m_Calls.Array.size
      value: 1
      objectReference: {fileID: 0}
    - target: {fileID: 8152006046479257136, guid: e6429dd2c5b264da2baca7db810d2f30,
        type: 3}
      propertyPath: OnButtonPressed.m_PersistentCalls.m_Calls.Array.data[0].m_Mode
      value: 1
      objectReference: {fileID: 0}
    - target: {fileID: 8152006046479257136, guid: e6429dd2c5b264da2baca7db810d2f30,
        type: 3}
      propertyPath: OnButtonPressed.m_PersistentCalls.m_Calls.Array.data[0].m_CallState
      value: 2
      objectReference: {fileID: 0}
    - target: {fileID: 8152006046479257136, guid: e6429dd2c5b264da2baca7db810d2f30,
        type: 3}
      propertyPath: OnButtonPressed.m_PersistentCalls.m_Calls.Array.data[0].m_Target
      value: 
      objectReference: {fileID: 4430990632390237493}
    - target: {fileID: 8152006046479257136, guid: e6429dd2c5b264da2baca7db810d2f30,
        type: 3}
      propertyPath: OnButtonPressed.m_PersistentCalls.m_Calls.Array.data[0].m_MethodName
      value: TriggerStart
      objectReference: {fileID: 0}
    - target: {fileID: 8152006046479257136, guid: e6429dd2c5b264da2baca7db810d2f30,
        type: 3}
      propertyPath: OnButtonPressed.m_PersistentCalls.m_Calls.Array.data[0].m_Arguments.m_ObjectArgumentAssemblyTypeName
      value: UnityEngine.Object, UnityEngine
      objectReference: {fileID: 0}
    - target: {fileID: 5527283362198432506, guid: e6429dd2c5b264da2baca7db810d2f30,
        type: 3}
      propertyPath: m_text
      value: Space
      objectReference: {fileID: 0}
    - target: {fileID: 5527283362198432506, guid: e6429dd2c5b264da2baca7db810d2f30,
        type: 3}
      propertyPath: m_havePropertiesChanged
      value: 0
      objectReference: {fileID: 0}
    - target: {fileID: 5527283362198432506, guid: e6429dd2c5b264da2baca7db810d2f30,
        type: 3}
      propertyPath: m_isInputParsingRequired
      value: 0
      objectReference: {fileID: 0}
    - target: {fileID: 5527283362198432506, guid: e6429dd2c5b264da2baca7db810d2f30,
        type: 3}
      propertyPath: m_textInfo.characterCount
      value: 5
      objectReference: {fileID: 0}
    - target: {fileID: 5527283362198432506, guid: e6429dd2c5b264da2baca7db810d2f30,
        type: 3}
      propertyPath: m_textInfo.spaceCount
      value: 0
      objectReference: {fileID: 0}
    - target: {fileID: 5527283362198432506, guid: e6429dd2c5b264da2baca7db810d2f30,
        type: 3}
      propertyPath: m_textInfo.wordCount
      value: 1
      objectReference: {fileID: 0}
    - target: {fileID: 5527283362198432506, guid: e6429dd2c5b264da2baca7db810d2f30,
        type: 3}
      propertyPath: m_fontAsset
      value: 
      objectReference: {fileID: 11400000, guid: 8f586378b4e144a9851e7b34d9b748ee,
        type: 2}
    - target: {fileID: 5419521037918469242, guid: e6429dd2c5b264da2baca7db810d2f30,
        type: 3}
      propertyPath: m_Mesh
      value: 
      objectReference: {fileID: 0}
    - target: {fileID: 5847271628760144455, guid: e6429dd2c5b264da2baca7db810d2f30,
        type: 3}
      propertyPath: m_IsActive
      value: 1
      objectReference: {fileID: 0}
    - target: {fileID: 4135493671038026860, guid: e6429dd2c5b264da2baca7db810d2f30,
        type: 3}
      propertyPath: m_Text
      value: Space
      objectReference: {fileID: 0}
    m_RemovedComponents: []
  m_SourcePrefab: {fileID: 100100000, guid: e6429dd2c5b264da2baca7db810d2f30, type: 3}
--- !u!1 &5868951733548230663 stripped
GameObject:
  m_CorrespondingSourceObject: {fileID: 1986563924879590, guid: e6429dd2c5b264da2baca7db810d2f30,
    type: 3}
  m_PrefabInstance: {fileID: 5869802496056017121}
  m_PrefabAsset: {fileID: 0}
--- !u!4 &5871261355221388535 stripped
Transform:
  m_CorrespondingSourceObject: {fileID: 4313784125344790, guid: e6429dd2c5b264da2baca7db810d2f30,
    type: 3}
  m_PrefabInstance: {fileID: 5869802496056017121}
  m_PrefabAsset: {fileID: 0}
--- !u!1001 &7635659279997742372
PrefabInstance:
  m_ObjectHideFlags: 0
  serializedVersion: 2
  m_Modification:
    m_TransformParent: {fileID: 3427479970971024057}
    m_Modifications:
    - target: {fileID: 1986563924879590, guid: e6429dd2c5b264da2baca7db810d2f30, type: 3}
      propertyPath: m_Name
      value: TravellingButton0_Reset
      objectReference: {fileID: 0}
    - target: {fileID: 4313784125344790, guid: e6429dd2c5b264da2baca7db810d2f30, type: 3}
      propertyPath: m_LocalPosition.x
      value: 0
      objectReference: {fileID: 0}
    - target: {fileID: 4313784125344790, guid: e6429dd2c5b264da2baca7db810d2f30, type: 3}
      propertyPath: m_LocalPosition.y
      value: 0.52208
      objectReference: {fileID: 0}
    - target: {fileID: 4313784125344790, guid: e6429dd2c5b264da2baca7db810d2f30, type: 3}
      propertyPath: m_LocalPosition.z
      value: 0.07600005
      objectReference: {fileID: 0}
    - target: {fileID: 4313784125344790, guid: e6429dd2c5b264da2baca7db810d2f30, type: 3}
      propertyPath: m_LocalRotation.x
      value: -0
      objectReference: {fileID: 0}
    - target: {fileID: 4313784125344790, guid: e6429dd2c5b264da2baca7db810d2f30, type: 3}
      propertyPath: m_LocalRotation.y
      value: -0
      objectReference: {fileID: 0}
    - target: {fileID: 4313784125344790, guid: e6429dd2c5b264da2baca7db810d2f30, type: 3}
      propertyPath: m_LocalRotation.z
      value: -0
      objectReference: {fileID: 0}
    - target: {fileID: 4313784125344790, guid: e6429dd2c5b264da2baca7db810d2f30, type: 3}
      propertyPath: m_LocalRotation.w
      value: 1
      objectReference: {fileID: 0}
    - target: {fileID: 4313784125344790, guid: e6429dd2c5b264da2baca7db810d2f30, type: 3}
      propertyPath: m_RootOrder
      value: 0
      objectReference: {fileID: 0}
    - target: {fileID: 4313784125344790, guid: e6429dd2c5b264da2baca7db810d2f30, type: 3}
      propertyPath: m_LocalEulerAnglesHint.x
      value: 0
      objectReference: {fileID: 0}
    - target: {fileID: 4313784125344790, guid: e6429dd2c5b264da2baca7db810d2f30, type: 3}
      propertyPath: m_LocalEulerAnglesHint.y
      value: 0
      objectReference: {fileID: 0}
    - target: {fileID: 4313784125344790, guid: e6429dd2c5b264da2baca7db810d2f30, type: 3}
      propertyPath: m_LocalEulerAnglesHint.z
      value: 90
      objectReference: {fileID: 0}
    - target: {fileID: 4313784125344790, guid: e6429dd2c5b264da2baca7db810d2f30, type: 3}
      propertyPath: m_LocalScale.x
      value: 0.06358004
      objectReference: {fileID: 0}
    - target: {fileID: 4313784125344790, guid: e6429dd2c5b264da2baca7db810d2f30, type: 3}
      propertyPath: m_LocalScale.y
      value: 0.06358
      objectReference: {fileID: 0}
    - target: {fileID: 4313784125344790, guid: e6429dd2c5b264da2baca7db810d2f30, type: 3}
      propertyPath: m_LocalScale.z
      value: 0.06358004
      objectReference: {fileID: 0}
    - target: {fileID: 1921914033194434241, guid: e6429dd2c5b264da2baca7db810d2f30,
        type: 3}
      propertyPath: m_IsActive
      value: 1
      objectReference: {fileID: 0}
    - target: {fileID: 8152006046479257136, guid: e6429dd2c5b264da2baca7db810d2f30,
        type: 3}
      propertyPath: OnButtonPressed.m_PersistentCalls.m_Calls.Array.size
      value: 1
      objectReference: {fileID: 0}
    - target: {fileID: 8152006046479257136, guid: e6429dd2c5b264da2baca7db810d2f30,
        type: 3}
      propertyPath: OnButtonPressed.m_PersistentCalls.m_Calls.Array.data[0].m_Mode
      value: 1
      objectReference: {fileID: 0}
    - target: {fileID: 8152006046479257136, guid: e6429dd2c5b264da2baca7db810d2f30,
        type: 3}
      propertyPath: OnButtonPressed.m_PersistentCalls.m_Calls.Array.data[0].m_CallState
      value: 2
      objectReference: {fileID: 0}
    - target: {fileID: 8152006046479257136, guid: e6429dd2c5b264da2baca7db810d2f30,
        type: 3}
      propertyPath: OnButtonPressed.m_PersistentCalls.m_Calls.Array.data[0].m_Target
      value: 
      objectReference: {fileID: 5023565103001285394}
    - target: {fileID: 8152006046479257136, guid: e6429dd2c5b264da2baca7db810d2f30,
        type: 3}
      propertyPath: OnButtonPressed.m_PersistentCalls.m_Calls.Array.data[0].m_MethodName
      value: TriggerStart
      objectReference: {fileID: 0}
    - target: {fileID: 8152006046479257136, guid: e6429dd2c5b264da2baca7db810d2f30,
        type: 3}
      propertyPath: OnButtonPressed.m_PersistentCalls.m_Calls.Array.data[0].m_Arguments.m_ObjectArgumentAssemblyTypeName
      value: UnityEngine.Object, UnityEngine
      objectReference: {fileID: 0}
    - target: {fileID: 5527283362198432506, guid: e6429dd2c5b264da2baca7db810d2f30,
        type: 3}
      propertyPath: m_text
      value: Reset
      objectReference: {fileID: 0}
    - target: {fileID: 5527283362198432506, guid: e6429dd2c5b264da2baca7db810d2f30,
        type: 3}
      propertyPath: m_havePropertiesChanged
      value: 0
      objectReference: {fileID: 0}
    - target: {fileID: 5527283362198432506, guid: e6429dd2c5b264da2baca7db810d2f30,
        type: 3}
      propertyPath: m_isInputParsingRequired
      value: 0
      objectReference: {fileID: 0}
    - target: {fileID: 5527283362198432506, guid: e6429dd2c5b264da2baca7db810d2f30,
        type: 3}
      propertyPath: m_textInfo.characterCount
      value: 5
      objectReference: {fileID: 0}
    - target: {fileID: 5527283362198432506, guid: e6429dd2c5b264da2baca7db810d2f30,
        type: 3}
      propertyPath: m_textInfo.spaceCount
      value: 0
      objectReference: {fileID: 0}
    - target: {fileID: 5527283362198432506, guid: e6429dd2c5b264da2baca7db810d2f30,
        type: 3}
      propertyPath: m_textInfo.wordCount
      value: 1
      objectReference: {fileID: 0}
    - target: {fileID: 5527283362198432506, guid: e6429dd2c5b264da2baca7db810d2f30,
        type: 3}
      propertyPath: m_fontAsset
      value: 
      objectReference: {fileID: 11400000, guid: 8f586378b4e144a9851e7b34d9b748ee,
        type: 2}
    - target: {fileID: 5419521037918469242, guid: e6429dd2c5b264da2baca7db810d2f30,
        type: 3}
      propertyPath: m_Mesh
      value: 
      objectReference: {fileID: 0}
    - target: {fileID: 5847271628760144455, guid: e6429dd2c5b264da2baca7db810d2f30,
        type: 3}
      propertyPath: m_IsActive
      value: 1
      objectReference: {fileID: 0}
    - target: {fileID: 4135493671038026860, guid: e6429dd2c5b264da2baca7db810d2f30,
        type: 3}
      propertyPath: m_Text
      value: Reset
      objectReference: {fileID: 0}
    m_RemovedComponents: []
  m_SourcePrefab: {fileID: 100100000, guid: e6429dd2c5b264da2baca7db810d2f30, type: 3}
--- !u!1 &7633673300895253954 stripped
GameObject:
  m_CorrespondingSourceObject: {fileID: 1986563924879590, guid: e6429dd2c5b264da2baca7db810d2f30,
    type: 3}
  m_PrefabInstance: {fileID: 7635659279997742372}
  m_PrefabAsset: {fileID: 0}
--- !u!4 &7635885010024915250 stripped
Transform:
  m_CorrespondingSourceObject: {fileID: 4313784125344790, guid: e6429dd2c5b264da2baca7db810d2f30,
    type: 3}
  m_PrefabInstance: {fileID: 7635659279997742372}
  m_PrefabAsset: {fileID: 0}
--- !u!1001 &7806911531758897789
PrefabInstance:
  m_ObjectHideFlags: 0
  serializedVersion: 2
  m_Modification:
    m_TransformParent: {fileID: 3427479970971024057}
    m_Modifications:
    - target: {fileID: 1986563924879590, guid: e6429dd2c5b264da2baca7db810d2f30, type: 3}
      propertyPath: m_Name
      value: TravellingButton3_Desert
      objectReference: {fileID: 0}
    - target: {fileID: 4313784125344790, guid: e6429dd2c5b264da2baca7db810d2f30, type: 3}
      propertyPath: m_LocalPosition.x
      value: -0.14
      objectReference: {fileID: 0}
    - target: {fileID: 4313784125344790, guid: e6429dd2c5b264da2baca7db810d2f30, type: 3}
      propertyPath: m_LocalPosition.y
      value: 0.52208
      objectReference: {fileID: 0}
    - target: {fileID: 4313784125344790, guid: e6429dd2c5b264da2baca7db810d2f30, type: 3}
      propertyPath: m_LocalPosition.z
      value: -0.06099999
      objectReference: {fileID: 0}
    - target: {fileID: 4313784125344790, guid: e6429dd2c5b264da2baca7db810d2f30, type: 3}
      propertyPath: m_LocalRotation.x
      value: -0
      objectReference: {fileID: 0}
    - target: {fileID: 4313784125344790, guid: e6429dd2c5b264da2baca7db810d2f30, type: 3}
      propertyPath: m_LocalRotation.y
      value: -0
      objectReference: {fileID: 0}
    - target: {fileID: 4313784125344790, guid: e6429dd2c5b264da2baca7db810d2f30, type: 3}
      propertyPath: m_LocalRotation.z
      value: -0
      objectReference: {fileID: 0}
    - target: {fileID: 4313784125344790, guid: e6429dd2c5b264da2baca7db810d2f30, type: 3}
      propertyPath: m_LocalRotation.w
      value: 1
      objectReference: {fileID: 0}
    - target: {fileID: 4313784125344790, guid: e6429dd2c5b264da2baca7db810d2f30, type: 3}
      propertyPath: m_RootOrder
      value: 1
      objectReference: {fileID: 0}
    - target: {fileID: 4313784125344790, guid: e6429dd2c5b264da2baca7db810d2f30, type: 3}
      propertyPath: m_LocalEulerAnglesHint.x
      value: 0
      objectReference: {fileID: 0}
    - target: {fileID: 4313784125344790, guid: e6429dd2c5b264da2baca7db810d2f30, type: 3}
      propertyPath: m_LocalEulerAnglesHint.y
      value: 0
      objectReference: {fileID: 0}
    - target: {fileID: 4313784125344790, guid: e6429dd2c5b264da2baca7db810d2f30, type: 3}
      propertyPath: m_LocalEulerAnglesHint.z
      value: 90
      objectReference: {fileID: 0}
    - target: {fileID: 4313784125344790, guid: e6429dd2c5b264da2baca7db810d2f30, type: 3}
      propertyPath: m_LocalScale.x
      value: 0.06358006
      objectReference: {fileID: 0}
    - target: {fileID: 4313784125344790, guid: e6429dd2c5b264da2baca7db810d2f30, type: 3}
      propertyPath: m_LocalScale.y
      value: 0.06358
      objectReference: {fileID: 0}
    - target: {fileID: 4313784125344790, guid: e6429dd2c5b264da2baca7db810d2f30, type: 3}
      propertyPath: m_LocalScale.z
      value: 0.06358006
      objectReference: {fileID: 0}
    - target: {fileID: 1921914033194434241, guid: e6429dd2c5b264da2baca7db810d2f30,
        type: 3}
      propertyPath: m_IsActive
      value: 1
      objectReference: {fileID: 0}
    - target: {fileID: 8152006046479257136, guid: e6429dd2c5b264da2baca7db810d2f30,
        type: 3}
      propertyPath: OnButtonPressed.m_PersistentCalls.m_Calls.Array.size
      value: 1
      objectReference: {fileID: 0}
    - target: {fileID: 8152006046479257136, guid: e6429dd2c5b264da2baca7db810d2f30,
        type: 3}
      propertyPath: OnButtonPressed.m_PersistentCalls.m_Calls.Array.data[0].m_Mode
      value: 1
      objectReference: {fileID: 0}
    - target: {fileID: 8152006046479257136, guid: e6429dd2c5b264da2baca7db810d2f30,
        type: 3}
      propertyPath: OnButtonPressed.m_PersistentCalls.m_Calls.Array.data[0].m_CallState
      value: 2
      objectReference: {fileID: 0}
    - target: {fileID: 8152006046479257136, guid: e6429dd2c5b264da2baca7db810d2f30,
        type: 3}
      propertyPath: OnButtonPressed.m_PersistentCalls.m_Calls.Array.data[0].m_Target
      value: 
      objectReference: {fileID: 4052257985932884171}
    - target: {fileID: 8152006046479257136, guid: e6429dd2c5b264da2baca7db810d2f30,
        type: 3}
      propertyPath: OnButtonPressed.m_PersistentCalls.m_Calls.Array.data[0].m_MethodName
      value: TriggerStart
      objectReference: {fileID: 0}
    - target: {fileID: 8152006046479257136, guid: e6429dd2c5b264da2baca7db810d2f30,
        type: 3}
      propertyPath: OnButtonPressed.m_PersistentCalls.m_Calls.Array.data[0].m_Arguments.m_ObjectArgumentAssemblyTypeName
      value: UnityEngine.Object, UnityEngine
      objectReference: {fileID: 0}
    - target: {fileID: 5527283362198432506, guid: e6429dd2c5b264da2baca7db810d2f30,
        type: 3}
      propertyPath: m_text
      value: Desert
      objectReference: {fileID: 0}
    - target: {fileID: 5527283362198432506, guid: e6429dd2c5b264da2baca7db810d2f30,
        type: 3}
      propertyPath: m_havePropertiesChanged
      value: 0
      objectReference: {fileID: 0}
    - target: {fileID: 5527283362198432506, guid: e6429dd2c5b264da2baca7db810d2f30,
        type: 3}
      propertyPath: m_isInputParsingRequired
      value: 0
      objectReference: {fileID: 0}
    - target: {fileID: 5527283362198432506, guid: e6429dd2c5b264da2baca7db810d2f30,
        type: 3}
      propertyPath: m_textInfo.characterCount
      value: 6
      objectReference: {fileID: 0}
    - target: {fileID: 5527283362198432506, guid: e6429dd2c5b264da2baca7db810d2f30,
        type: 3}
      propertyPath: m_textInfo.spaceCount
      value: 0
      objectReference: {fileID: 0}
    - target: {fileID: 5527283362198432506, guid: e6429dd2c5b264da2baca7db810d2f30,
        type: 3}
      propertyPath: m_textInfo.wordCount
      value: 1
      objectReference: {fileID: 0}
    - target: {fileID: 5527283362198432506, guid: e6429dd2c5b264da2baca7db810d2f30,
        type: 3}
      propertyPath: m_fontAsset
      value: 
      objectReference: {fileID: 11400000, guid: 8f586378b4e144a9851e7b34d9b748ee,
        type: 2}
    - target: {fileID: 5419521037918469242, guid: e6429dd2c5b264da2baca7db810d2f30,
        type: 3}
      propertyPath: m_Mesh
      value: 
      objectReference: {fileID: 0}
    - target: {fileID: 5847271628760144455, guid: e6429dd2c5b264da2baca7db810d2f30,
        type: 3}
      propertyPath: m_IsActive
      value: 1
      objectReference: {fileID: 0}
    - target: {fileID: 4135493671038026860, guid: e6429dd2c5b264da2baca7db810d2f30,
        type: 3}
      propertyPath: m_Text
      value: Desert
      objectReference: {fileID: 0}
    m_RemovedComponents: []
  m_SourcePrefab: {fileID: 100100000, guid: e6429dd2c5b264da2baca7db810d2f30, type: 3}
--- !u!1 &7804938712402567835 stripped
GameObject:
  m_CorrespondingSourceObject: {fileID: 1986563924879590, guid: e6429dd2c5b264da2baca7db810d2f30,
    type: 3}
  m_PrefabInstance: {fileID: 7806911531758897789}
  m_PrefabAsset: {fileID: 0}
--- !u!4 &7807249377605322347 stripped
Transform:
  m_CorrespondingSourceObject: {fileID: 4313784125344790, guid: e6429dd2c5b264da2baca7db810d2f30,
    type: 3}
  m_PrefabInstance: {fileID: 7806911531758897789}
  m_PrefabAsset: {fileID: 0}
