%YAML 1.1
%TAG !u! tag:unity3d.com,2011:
--- !u!29 &1
OcclusionCullingSettings:
  m_ObjectHideFlags: 0
  serializedVersion: 2
  m_OcclusionBakeSettings:
    smallestOccluder: 5
    smallestHole: 0.25
    backfaceThreshold: 100
  m_SceneGUID: 00000000000000000000000000000000
  m_OcclusionCullingData: {fileID: 0}
--- !u!104 &2
RenderSettings:
  m_ObjectHideFlags: 0
  serializedVersion: 9
  m_Fog: 0
  m_FogColor: {r: 0.5, g: 0.5, b: 0.5, a: 1}
  m_FogMode: 3
  m_FogDensity: 0.01
  m_LinearFogStart: 0
  m_LinearFogEnd: 300
  m_AmbientSkyColor: {r: 0.52398545, g: 0.59407264, b: 0.7075472, a: 1}
  m_AmbientEquatorColor: {r: 0.114, g: 0.125, b: 0.133, a: 1}
  m_AmbientGroundColor: {r: 0.047, g: 0.043, b: 0.035, a: 1}
  m_AmbientIntensity: 1
  m_AmbientMode: 3
  m_SubtractiveShadowColor: {r: 0.42, g: 0.478, b: 0.627, a: 1}
  m_SkyboxMaterial: {fileID: 2100000, guid: a05b43d60a6f947459afb81256144f81, type: 2}
  m_HaloStrength: 0.5
  m_FlareStrength: 1
  m_FlareFadeSpeed: 3
  m_HaloTexture: {fileID: 0}
  m_SpotCookie: {fileID: 10001, guid: 0000000000000000e000000000000000, type: 0}
  m_DefaultReflectionMode: 0
  m_DefaultReflectionResolution: 128
  m_ReflectionBounces: 1
  m_ReflectionIntensity: 1
  m_CustomReflection: {fileID: 0}
  m_Sun: {fileID: 0}
  m_IndirectSpecularColor: {r: 0.99365073, g: 0.99365073, b: 0.99365073, a: 1}
  m_UseRadianceAmbientProbe: 0
--- !u!157 &3
LightmapSettings:
  m_ObjectHideFlags: 0
  serializedVersion: 11
  m_GIWorkflowMode: 0
  m_GISettings:
    serializedVersion: 2
    m_BounceScale: 1
    m_IndirectOutputScale: 1
    m_AlbedoBoost: 1
    m_EnvironmentLightingMode: 1
    m_EnableBakedLightmaps: 1
    m_EnableRealtimeLightmaps: 1
  m_LightmapEditorSettings:
    serializedVersion: 10
    m_Resolution: 2
    m_BakeResolution: 40
    m_AtlasSize: 1024
    m_AO: 0
    m_AOMaxDistance: 1
    m_CompAOExponent: 1
    m_CompAOExponentDirect: 0
    m_Padding: 2
    m_LightmapParameters: {fileID: 0}
    m_LightmapsBakeMode: 1
    m_TextureCompression: 1
    m_FinalGather: 0
    m_FinalGatherFiltering: 1
    m_FinalGatherRayCount: 256
    m_ReflectionCompression: 2
    m_MixedBakeMode: 1
    m_BakeBackend: 1
    m_PVRSampling: 1
    m_PVRDirectSampleCount: 32
    m_PVRSampleCount: 500
    m_PVRBounces: 2
    m_PVRFilterTypeDirect: 0
    m_PVRFilterTypeIndirect: 0
    m_PVRFilterTypeAO: 0
    m_PVRFilteringMode: 1
    m_PVRCulling: 1
    m_PVRFilteringGaussRadiusDirect: 1
    m_PVRFilteringGaussRadiusIndirect: 5
    m_PVRFilteringGaussRadiusAO: 2
    m_PVRFilteringAtrousPositionSigmaDirect: 0.5
    m_PVRFilteringAtrousPositionSigmaIndirect: 2
    m_PVRFilteringAtrousPositionSigmaAO: 1
    m_ShowResolutionOverlay: 1
  m_LightingDataAsset: {fileID: 0}
  m_UseShadowmask: 0
--- !u!196 &4
NavMeshSettings:
  serializedVersion: 2
  m_ObjectHideFlags: 0
  m_BuildSettings:
    serializedVersion: 2
    agentTypeID: 0
    agentRadius: 0.5
    agentHeight: 2
    agentSlope: 45
    agentClimb: 0.4
    ledgeDropHeight: 0
    maxJumpAcrossDistance: 0
    minRegionArea: 2
    manualCellSize: 0
    cellSize: 0.16666667
    manualTileSize: 0
    tileSize: 256
    accuratePlacement: 0
    debug:
      m_Flags: 0
  m_NavMeshData: {fileID: 0}
--- !u!1 &66206347
GameObject:
  m_ObjectHideFlags: 0
  m_CorrespondingSourceObject: {fileID: 0}
  m_PrefabInstance: {fileID: 0}
  m_PrefabAsset: {fileID: 0}
  serializedVersion: 6
  m_Component:
  - component: {fileID: 66206349}
  - component: {fileID: 66206348}
  - component: {fileID: 66206350}
  - component: {fileID: 66206351}
  m_Layer: 0
  m_Name: SceneManager
  m_TagString: Untagged
  m_Icon: {fileID: 0}
  m_NavMeshLayer: 0
  m_StaticEditorFlags: 0
  m_IsActive: 1
--- !u!114 &66206348
MonoBehaviour:
  m_ObjectHideFlags: 0
  m_CorrespondingSourceObject: {fileID: 0}
  m_PrefabInstance: {fileID: 0}
  m_PrefabAsset: {fileID: 0}
  m_GameObject: {fileID: 66206347}
  m_Enabled: 1
  m_EditorHideFlags: 0
  m_Script: {fileID: 11500000, guid: fa53b4795e1ad4f659d6c6cfb84d784f, type: 3}
  m_Name: 
  m_EditorClassIdentifier: 
  skipIntro: 0
  sceneStates: {fileID: 66206351}
  sceneAudio: {fileID: 66206350}
  aIAudioSource: {fileID: 1465700347358473596}
  musicPlayer: {fileID: 177411734}
  powerButton: {fileID: 1327228114}
  slider: {fileID: 636253812}
  cameraVFX: {fileID: 595413844}
--- !u!4 &66206349
Transform:
  m_ObjectHideFlags: 0
  m_CorrespondingSourceObject: {fileID: 0}
  m_PrefabInstance: {fileID: 0}
  m_PrefabAsset: {fileID: 0}
  m_GameObject: {fileID: 66206347}
  m_LocalRotation: {x: 0, y: 0, z: 0, w: 1}
  m_LocalPosition: {x: 0, y: 0, z: 0}
  m_LocalScale: {x: 1, y: 1, z: 1}
  m_Children: []
  m_Father: {fileID: 0}
  m_RootOrder: 5
  m_LocalEulerAnglesHint: {x: 0, y: 0, z: 0}
--- !u!114 &66206350
MonoBehaviour:
  m_ObjectHideFlags: 0
  m_CorrespondingSourceObject: {fileID: 0}
  m_PrefabInstance: {fileID: 0}
  m_PrefabAsset: {fileID: 0}
  m_GameObject: {fileID: 66206347}
  m_Enabled: 1
  m_EditorHideFlags: 0
  m_Script: {fileID: 11500000, guid: 44a1eebd9c75c486c94bd5a619721be9, type: 3}
  m_Name: 
  m_EditorClassIdentifier: 
  intro01GoodMorning: {fileID: 8300000, guid: 3088edc4dd2f8b74dbdcb3fc4de4ed28, type: 3}
  intro02PleaseStepUp: {fileID: 8300000, guid: 0743f782c6a986b459ae8d9905ab77f2, type: 3}
  intro03VeryGood: {fileID: 8300000, guid: f09cb52072ec9874087825befc9740f1, type: 3}
  intro04ToMaximize: {fileID: 8300000, guid: e1c2d00a5dadbbf499feaa90440b78a2, type: 3}
  intro05ISincerlyHope: {fileID: 8300000, guid: 5a7bbe935bcda814aab446bd9df59cc3,
    type: 3}
  intro06ThankYouForParticipating: {fileID: 8300000, guid: 95ec86bf7465ee04b93ffbf25c2ea514,
    type: 3}
--- !u!114 &66206351
MonoBehaviour:
  m_ObjectHideFlags: 0
  m_CorrespondingSourceObject: {fileID: 0}
  m_PrefabInstance: {fileID: 0}
  m_PrefabAsset: {fileID: 0}
  m_GameObject: {fileID: 66206347}
  m_Enabled: 1
  m_EditorHideFlags: 0
  m_Script: {fileID: 11500000, guid: b678fa25c52464993988312f04875fae, type: 3}
  m_Name: 
  m_EditorClassIdentifier: 
--- !u!1001 &177411733
PrefabInstance:
  m_ObjectHideFlags: 0
  serializedVersion: 2
  m_Modification:
    m_TransformParent: {fileID: 0}
    m_Modifications:
    - target: {fileID: 2037267260254974828, guid: c2723f254613123498ab1a512ddb15a3,
        type: 3}
      propertyPath: m_Name
      value: Music
      objectReference: {fileID: 0}
    - target: {fileID: 2037267260254974829, guid: c2723f254613123498ab1a512ddb15a3,
        type: 3}
      propertyPath: m_LocalPosition.x
      value: -0
      objectReference: {fileID: 0}
    - target: {fileID: 2037267260254974829, guid: c2723f254613123498ab1a512ddb15a3,
        type: 3}
      propertyPath: m_LocalPosition.y
      value: 0.48889
      objectReference: {fileID: 0}
    - target: {fileID: 2037267260254974829, guid: c2723f254613123498ab1a512ddb15a3,
        type: 3}
      propertyPath: m_LocalPosition.z
      value: 1.57
      objectReference: {fileID: 0}
    - target: {fileID: 2037267260254974829, guid: c2723f254613123498ab1a512ddb15a3,
        type: 3}
      propertyPath: m_LocalRotation.x
      value: 0
      objectReference: {fileID: 0}
    - target: {fileID: 2037267260254974829, guid: c2723f254613123498ab1a512ddb15a3,
        type: 3}
      propertyPath: m_LocalRotation.y
      value: 0.7071068
      objectReference: {fileID: 0}
    - target: {fileID: 2037267260254974829, guid: c2723f254613123498ab1a512ddb15a3,
        type: 3}
      propertyPath: m_LocalRotation.z
      value: -0
      objectReference: {fileID: 0}
    - target: {fileID: 2037267260254974829, guid: c2723f254613123498ab1a512ddb15a3,
        type: 3}
      propertyPath: m_LocalRotation.w
      value: -0.7071068
      objectReference: {fileID: 0}
    - target: {fileID: 2037267260254974829, guid: c2723f254613123498ab1a512ddb15a3,
        type: 3}
      propertyPath: m_RootOrder
      value: 4
      objectReference: {fileID: 0}
    - target: {fileID: 2037267260254974829, guid: c2723f254613123498ab1a512ddb15a3,
        type: 3}
      propertyPath: m_LocalEulerAnglesHint.x
      value: 0
      objectReference: {fileID: 0}
    - target: {fileID: 2037267260254974829, guid: c2723f254613123498ab1a512ddb15a3,
        type: 3}
      propertyPath: m_LocalEulerAnglesHint.y
      value: 270
      objectReference: {fileID: 0}
    - target: {fileID: 2037267260254974829, guid: c2723f254613123498ab1a512ddb15a3,
        type: 3}
      propertyPath: m_LocalEulerAnglesHint.z
      value: 0
      objectReference: {fileID: 0}
    - target: {fileID: 2058521139600891769, guid: c2723f254613123498ab1a512ddb15a3,
        type: 3}
      propertyPath: m_ConnectedAnchor.x
      value: 0.49502024
      objectReference: {fileID: 0}
    - target: {fileID: 2058521139600891769, guid: c2723f254613123498ab1a512ddb15a3,
        type: 3}
      propertyPath: m_ConnectedAnchor.z
      value: 1.162765
      objectReference: {fileID: 0}
    - target: {fileID: 2058521138688557755, guid: c2723f254613123498ab1a512ddb15a3,
        type: 3}
      propertyPath: m_ConnectedAnchor.x
      value: -0.4870214
      objectReference: {fileID: 0}
    - target: {fileID: 2058521138688557755, guid: c2723f254613123498ab1a512ddb15a3,
        type: 3}
      propertyPath: m_ConnectedAnchor.z
      value: 1.149237
      objectReference: {fileID: 0}
    - target: {fileID: 2190196550778914175, guid: c2723f254613123498ab1a512ddb15a3,
        type: 3}
      propertyPath: m_ConnectedAnchor.x
      value: 0.3618673
      objectReference: {fileID: 0}
    - target: {fileID: 2190196550778914175, guid: c2723f254613123498ab1a512ddb15a3,
        type: 3}
      propertyPath: m_ConnectedAnchor.z
      value: 1.3940823
      objectReference: {fileID: 0}
    - target: {fileID: 2190196550778914175, guid: c2723f254613123498ab1a512ddb15a3,
        type: 3}
      propertyPath: m_ConnectedAnchor.y
      value: 1.1906693
      objectReference: {fileID: 0}
    - target: {fileID: 2037267260781133971, guid: c2723f254613123498ab1a512ddb15a3,
        type: 3}
      propertyPath: m_ConnectedAnchor.x
      value: 0.18586728
      objectReference: {fileID: 0}
    - target: {fileID: 2037267260781133971, guid: c2723f254613123498ab1a512ddb15a3,
        type: 3}
      propertyPath: m_ConnectedAnchor.z
      value: 1.4790823
      objectReference: {fileID: 0}
    - target: {fileID: 2037267260781133971, guid: c2723f254613123498ab1a512ddb15a3,
        type: 3}
      propertyPath: m_ConnectedAnchor.y
      value: 1.1266694
      objectReference: {fileID: 0}
    - target: {fileID: 2037267260356147114, guid: c2723f254613123498ab1a512ddb15a3,
        type: 3}
      propertyPath: m_IsActive
      value: 1
      objectReference: {fileID: 0}
    - target: {fileID: 4450189057546282659, guid: c2723f254613123498ab1a512ddb15a3,
        type: 3}
      propertyPath: alwaysOn
      value: 1
      objectReference: {fileID: 0}
    - target: {fileID: 4450189057546282659, guid: c2723f254613123498ab1a512ddb15a3,
        type: 3}
      propertyPath: audioTrack01
      value: 
      objectReference: {fileID: 8300000, guid: c8d4002bb2cf24d458eb98a6a72ce4ad, type: 3}
    - target: {fileID: 2038509747804532467, guid: c2723f254613123498ab1a512ddb15a3,
        type: 3}
      propertyPath: m_LocalPosition.y
      value: 0
      objectReference: {fileID: 0}
    - target: {fileID: 5498537333577264514, guid: c2723f254613123498ab1a512ddb15a3,
        type: 3}
      propertyPath: m_IsActive
      value: 1
      objectReference: {fileID: 0}
    - target: {fileID: 5679993556449797945, guid: c2723f254613123498ab1a512ddb15a3,
        type: 3}
      propertyPath: AudioSource
      value: 
      objectReference: {fileID: 0}
    - target: {fileID: 4425267185040228264, guid: c2723f254613123498ab1a512ddb15a3,
        type: 3}
      propertyPath: OnButtonPressed.m_PersistentCalls.m_Calls.Array.size
      value: 2
      objectReference: {fileID: 0}
    - target: {fileID: 4425267185040228264, guid: c2723f254613123498ab1a512ddb15a3,
        type: 3}
      propertyPath: OnButtonPressed.m_PersistentCalls.m_Calls.Array.data[1].m_Mode
      value: 1
      objectReference: {fileID: 0}
    - target: {fileID: 4425267185040228264, guid: c2723f254613123498ab1a512ddb15a3,
        type: 3}
      propertyPath: OnButtonPressed.m_PersistentCalls.m_Calls.Array.data[1].m_CallState
      value: 2
      objectReference: {fileID: 0}
    - target: {fileID: 4425267185040228264, guid: c2723f254613123498ab1a512ddb15a3,
        type: 3}
      propertyPath: OnButtonPressed.m_PersistentCalls.m_Calls.Array.data[1].m_Target
      value: 
      objectReference: {fileID: 66206348}
    - target: {fileID: 4425267185040228264, guid: c2723f254613123498ab1a512ddb15a3,
        type: 3}
      propertyPath: OnButtonPressed.m_PersistentCalls.m_Calls.Array.data[1].m_MethodName
      value: Play02MusicPlayerStarted
      objectReference: {fileID: 0}
    - target: {fileID: 4425267185040228264, guid: c2723f254613123498ab1a512ddb15a3,
        type: 3}
      propertyPath: OnButtonPressed.m_PersistentCalls.m_Calls.Array.data[1].m_Arguments.m_ObjectArgumentAssemblyTypeName
      value: UnityEngine.Object, UnityEngine
      objectReference: {fileID: 0}
    - target: {fileID: 5170372426633619247, guid: c2723f254613123498ab1a512ddb15a3,
        type: 3}
      propertyPath: m_ConnectedAnchor.x
      value: -0.479021
      objectReference: {fileID: 0}
    - target: {fileID: 5170372426633619247, guid: c2723f254613123498ab1a512ddb15a3,
        type: 3}
      propertyPath: m_ConnectedAnchor.y
      value: 1.1217868
      objectReference: {fileID: 0}
    - target: {fileID: 5170372426633619247, guid: c2723f254613123498ab1a512ddb15a3,
        type: 3}
      propertyPath: m_ConnectedAnchor.z
      value: 1.4525878
      objectReference: {fileID: 0}
    m_RemovedComponents:
    - {fileID: 2063224629448849891, guid: c2723f254613123498ab1a512ddb15a3, type: 3}
  m_SourcePrefab: {fileID: 100100000, guid: c2723f254613123498ab1a512ddb15a3, type: 3}
--- !u!1 &177411734 stripped
GameObject:
  m_CorrespondingSourceObject: {fileID: 2037267260356147114, guid: c2723f254613123498ab1a512ddb15a3,
    type: 3}
  m_PrefabInstance: {fileID: 177411733}
  m_PrefabAsset: {fileID: 0}
--- !u!1001 &450248478
PrefabInstance:
  m_ObjectHideFlags: 0
  serializedVersion: 2
  m_Modification:
    m_TransformParent: {fileID: 0}
    m_Modifications:
    - target: {fileID: 3088695310453647272, guid: b6fa8a8d6d805a04ab5a9c695c871137,
        type: 3}
      propertyPath: m_Name
      value: Lights
      objectReference: {fileID: 0}
    - target: {fileID: 3088695310453647275, guid: b6fa8a8d6d805a04ab5a9c695c871137,
        type: 3}
      propertyPath: m_LocalPosition.x
      value: 0
      objectReference: {fileID: 0}
    - target: {fileID: 3088695310453647275, guid: b6fa8a8d6d805a04ab5a9c695c871137,
        type: 3}
      propertyPath: m_LocalPosition.y
      value: 0
      objectReference: {fileID: 0}
    - target: {fileID: 3088695310453647275, guid: b6fa8a8d6d805a04ab5a9c695c871137,
        type: 3}
      propertyPath: m_LocalPosition.z
      value: 0
      objectReference: {fileID: 0}
    - target: {fileID: 3088695310453647275, guid: b6fa8a8d6d805a04ab5a9c695c871137,
        type: 3}
      propertyPath: m_LocalRotation.x
      value: 0
      objectReference: {fileID: 0}
    - target: {fileID: 3088695310453647275, guid: b6fa8a8d6d805a04ab5a9c695c871137,
        type: 3}
      propertyPath: m_LocalRotation.y
      value: 0
      objectReference: {fileID: 0}
    - target: {fileID: 3088695310453647275, guid: b6fa8a8d6d805a04ab5a9c695c871137,
        type: 3}
      propertyPath: m_LocalRotation.z
      value: 0
      objectReference: {fileID: 0}
    - target: {fileID: 3088695310453647275, guid: b6fa8a8d6d805a04ab5a9c695c871137,
        type: 3}
      propertyPath: m_LocalRotation.w
      value: 1
      objectReference: {fileID: 0}
    - target: {fileID: 3088695310453647275, guid: b6fa8a8d6d805a04ab5a9c695c871137,
        type: 3}
      propertyPath: m_RootOrder
      value: 2
      objectReference: {fileID: 0}
    - target: {fileID: 3088695310453647275, guid: b6fa8a8d6d805a04ab5a9c695c871137,
        type: 3}
      propertyPath: m_LocalEulerAnglesHint.x
      value: 0
      objectReference: {fileID: 0}
    - target: {fileID: 3088695310453647275, guid: b6fa8a8d6d805a04ab5a9c695c871137,
        type: 3}
      propertyPath: m_LocalEulerAnglesHint.y
      value: 0
      objectReference: {fileID: 0}
    - target: {fileID: 3088695310453647275, guid: b6fa8a8d6d805a04ab5a9c695c871137,
        type: 3}
      propertyPath: m_LocalEulerAnglesHint.z
      value: 0
      objectReference: {fileID: 0}
    m_RemovedComponents: []
  m_SourcePrefab: {fileID: 100100000, guid: b6fa8a8d6d805a04ab5a9c695c871137, type: 3}
--- !u!114 &595413844 stripped
MonoBehaviour:
  m_CorrespondingSourceObject: {fileID: 297952653, guid: db5c73c555263f94dba9afadd6fa8741,
    type: 3}
  m_PrefabInstance: {fileID: 2035218971}
  m_PrefabAsset: {fileID: 0}
  m_GameObject: {fileID: 0}
  m_Enabled: 1
  m_EditorHideFlags: 0
  m_Script: {fileID: 11500000, guid: f86c96ecb8f984fa68e3e3ba34448a4b, type: 3}
  m_Name: 
  m_EditorClassIdentifier: 
--- !u!1001 &630446661
PrefabInstance:
  m_ObjectHideFlags: 0
  serializedVersion: 2
  m_Modification:
    m_TransformParent: {fileID: 0}
    m_Modifications:
    - target: {fileID: 5617463241694770935, guid: 00ce87ef7f44a6741b63d8b9f989b5e3,
        type: 3}
      propertyPath: m_Name
      value: GameManager
      objectReference: {fileID: 0}
    - target: {fileID: 5617463241694770934, guid: 00ce87ef7f44a6741b63d8b9f989b5e3,
        type: 3}
      propertyPath: m_LocalPosition.x
      value: 0
      objectReference: {fileID: 0}
    - target: {fileID: 5617463241694770934, guid: 00ce87ef7f44a6741b63d8b9f989b5e3,
        type: 3}
      propertyPath: m_LocalPosition.y
      value: -1.3382502
      objectReference: {fileID: 0}
    - target: {fileID: 5617463241694770934, guid: 00ce87ef7f44a6741b63d8b9f989b5e3,
        type: 3}
      propertyPath: m_LocalPosition.z
      value: 0.76065004
      objectReference: {fileID: 0}
    - target: {fileID: 5617463241694770934, guid: 00ce87ef7f44a6741b63d8b9f989b5e3,
        type: 3}
      propertyPath: m_LocalRotation.x
      value: 0
      objectReference: {fileID: 0}
    - target: {fileID: 5617463241694770934, guid: 00ce87ef7f44a6741b63d8b9f989b5e3,
        type: 3}
      propertyPath: m_LocalRotation.y
      value: 0
      objectReference: {fileID: 0}
    - target: {fileID: 5617463241694770934, guid: 00ce87ef7f44a6741b63d8b9f989b5e3,
        type: 3}
      propertyPath: m_LocalRotation.z
      value: 0
      objectReference: {fileID: 0}
    - target: {fileID: 5617463241694770934, guid: 00ce87ef7f44a6741b63d8b9f989b5e3,
        type: 3}
      propertyPath: m_LocalRotation.w
      value: 1
      objectReference: {fileID: 0}
    - target: {fileID: 5617463241694770934, guid: 00ce87ef7f44a6741b63d8b9f989b5e3,
        type: 3}
      propertyPath: m_RootOrder
      value: 6
      objectReference: {fileID: 0}
    - target: {fileID: 5617463241694770934, guid: 00ce87ef7f44a6741b63d8b9f989b5e3,
        type: 3}
      propertyPath: m_LocalEulerAnglesHint.x
      value: 0
      objectReference: {fileID: 0}
    - target: {fileID: 5617463241694770934, guid: 00ce87ef7f44a6741b63d8b9f989b5e3,
        type: 3}
      propertyPath: m_LocalEulerAnglesHint.y
      value: 0
      objectReference: {fileID: 0}
    - target: {fileID: 5617463241694770934, guid: 00ce87ef7f44a6741b63d8b9f989b5e3,
        type: 3}
      propertyPath: m_LocalEulerAnglesHint.z
      value: 0
      objectReference: {fileID: 0}
    m_RemovedComponents: []
  m_SourcePrefab: {fileID: 100100000, guid: 00ce87ef7f44a6741b63d8b9f989b5e3, type: 3}
--- !u!114 &636253812 stripped
MonoBehaviour:
  m_CorrespondingSourceObject: {fileID: 2148262968500506341, guid: c2723f254613123498ab1a512ddb15a3,
    type: 3}
  m_PrefabInstance: {fileID: 177411733}
  m_PrefabAsset: {fileID: 0}
  m_GameObject: {fileID: 0}
  m_Enabled: 1
  m_EditorHideFlags: 0
  m_Script: {fileID: 11500000, guid: 99a9a0a5c3cc99c4ba41c57536540177, type: 3}
  m_Name: 
  m_EditorClassIdentifier: 
--- !u!1001 &946674658
PrefabInstance:
  m_ObjectHideFlags: 0
  serializedVersion: 2
  m_Modification:
    m_TransformParent: {fileID: 0}
    m_Modifications:
    - target: {fileID: 944106024822731264, guid: 13b0a5d0b698aea4a83812a5e779ff35,
        type: 3}
      propertyPath: m_Name
      value: Floor
      objectReference: {fileID: 0}
    - target: {fileID: 944106024822731265, guid: 13b0a5d0b698aea4a83812a5e779ff35,
        type: 3}
      propertyPath: m_LocalPosition.x
      value: 0
      objectReference: {fileID: 0}
    - target: {fileID: 944106024822731265, guid: 13b0a5d0b698aea4a83812a5e779ff35,
        type: 3}
      propertyPath: m_LocalPosition.y
      value: 0
      objectReference: {fileID: 0}
    - target: {fileID: 944106024822731265, guid: 13b0a5d0b698aea4a83812a5e779ff35,
        type: 3}
      propertyPath: m_LocalPosition.z
      value: 0
      objectReference: {fileID: 0}
    - target: {fileID: 944106024822731265, guid: 13b0a5d0b698aea4a83812a5e779ff35,
        type: 3}
      propertyPath: m_LocalRotation.x
      value: 0
      objectReference: {fileID: 0}
    - target: {fileID: 944106024822731265, guid: 13b0a5d0b698aea4a83812a5e779ff35,
        type: 3}
      propertyPath: m_LocalRotation.y
      value: 0
      objectReference: {fileID: 0}
    - target: {fileID: 944106024822731265, guid: 13b0a5d0b698aea4a83812a5e779ff35,
        type: 3}
      propertyPath: m_LocalRotation.z
      value: 0
      objectReference: {fileID: 0}
    - target: {fileID: 944106024822731265, guid: 13b0a5d0b698aea4a83812a5e779ff35,
        type: 3}
      propertyPath: m_LocalRotation.w
      value: 1
      objectReference: {fileID: 0}
    - target: {fileID: 944106024822731265, guid: 13b0a5d0b698aea4a83812a5e779ff35,
        type: 3}
      propertyPath: m_RootOrder
      value: 1
      objectReference: {fileID: 0}
    - target: {fileID: 944106024822731265, guid: 13b0a5d0b698aea4a83812a5e779ff35,
        type: 3}
      propertyPath: m_LocalEulerAnglesHint.x
      value: 0
      objectReference: {fileID: 0}
    - target: {fileID: 944106024822731265, guid: 13b0a5d0b698aea4a83812a5e779ff35,
        type: 3}
      propertyPath: m_LocalEulerAnglesHint.y
      value: 0
      objectReference: {fileID: 0}
    - target: {fileID: 944106024822731265, guid: 13b0a5d0b698aea4a83812a5e779ff35,
        type: 3}
      propertyPath: m_LocalEulerAnglesHint.z
      value: 0
      objectReference: {fileID: 0}
    m_RemovedComponents: []
  m_SourcePrefab: {fileID: 100100000, guid: 13b0a5d0b698aea4a83812a5e779ff35, type: 3}
--- !u!114 &1327228114 stripped
MonoBehaviour:
  m_CorrespondingSourceObject: {fileID: 4425267185040228264, guid: c2723f254613123498ab1a512ddb15a3,
    type: 3}
  m_PrefabInstance: {fileID: 177411733}
  m_PrefabAsset: {fileID: 0}
  m_GameObject: {fileID: 0}
  m_Enabled: 1
  m_EditorHideFlags: 0
  m_Script: {fileID: 11500000, guid: 2bd8923294401e04ba00fb5d8f219651, type: 3}
  m_Name: 
  m_EditorClassIdentifier: 
--- !u!1001 &2035218971
PrefabInstance:
  m_ObjectHideFlags: 0
  serializedVersion: 2
  m_Modification:
    m_TransformParent: {fileID: 0}
    m_Modifications:
    - target: {fileID: 1486257119345082, guid: db5c73c555263f94dba9afadd6fa8741, type: 3}
      propertyPath: m_Name
      value: Player
      objectReference: {fileID: 0}
    - target: {fileID: 4598766508566490, guid: db5c73c555263f94dba9afadd6fa8741, type: 3}
      propertyPath: m_LocalPosition.x
      value: 0
      objectReference: {fileID: 0}
    - target: {fileID: 4598766508566490, guid: db5c73c555263f94dba9afadd6fa8741, type: 3}
      propertyPath: m_LocalPosition.y
      value: 0
      objectReference: {fileID: 0}
    - target: {fileID: 4598766508566490, guid: db5c73c555263f94dba9afadd6fa8741, type: 3}
      propertyPath: m_LocalPosition.z
      value: 0
      objectReference: {fileID: 0}
    - target: {fileID: 4598766508566490, guid: db5c73c555263f94dba9afadd6fa8741, type: 3}
      propertyPath: m_LocalRotation.x
      value: -0
      objectReference: {fileID: 0}
    - target: {fileID: 4598766508566490, guid: db5c73c555263f94dba9afadd6fa8741, type: 3}
      propertyPath: m_LocalRotation.y
      value: -0
      objectReference: {fileID: 0}
    - target: {fileID: 4598766508566490, guid: db5c73c555263f94dba9afadd6fa8741, type: 3}
      propertyPath: m_LocalRotation.z
      value: -0
      objectReference: {fileID: 0}
    - target: {fileID: 4598766508566490, guid: db5c73c555263f94dba9afadd6fa8741, type: 3}
      propertyPath: m_LocalRotation.w
      value: 1
      objectReference: {fileID: 0}
    - target: {fileID: 4598766508566490, guid: db5c73c555263f94dba9afadd6fa8741, type: 3}
      propertyPath: m_RootOrder
      value: 3
      objectReference: {fileID: 0}
    - target: {fileID: 4598766508566490, guid: db5c73c555263f94dba9afadd6fa8741, type: 3}
      propertyPath: m_LocalEulerAnglesHint.x
      value: 0
      objectReference: {fileID: 0}
    - target: {fileID: 4598766508566490, guid: db5c73c555263f94dba9afadd6fa8741, type: 3}
      propertyPath: m_LocalEulerAnglesHint.y
      value: 0
      objectReference: {fileID: 0}
    - target: {fileID: 4598766508566490, guid: db5c73c555263f94dba9afadd6fa8741, type: 3}
      propertyPath: m_LocalEulerAnglesHint.z
      value: 0
      objectReference: {fileID: 0}
    m_RemovedComponents: []
  m_SourcePrefab: {fileID: 100100000, guid: db5c73c555263f94dba9afadd6fa8741, type: 3}
--- !u!1001 &892306140953343945
PrefabInstance:
  m_ObjectHideFlags: 0
  serializedVersion: 2
  m_Modification:
    m_TransformParent: {fileID: 0}
    m_Modifications:
    - target: {fileID: 3866034066013541661, guid: f9d388f9d8b424e41ad1f3d788096d35,
        type: 3}
      propertyPath: m_Name
      value: AICompanion
      objectReference: {fileID: 0}
    - target: {fileID: 5213189649828397404, guid: f9d388f9d8b424e41ad1f3d788096d35,
        type: 3}
      propertyPath: m_LocalPosition.x
      value: 0
      objectReference: {fileID: 0}
    - target: {fileID: 5213189649828397404, guid: f9d388f9d8b424e41ad1f3d788096d35,
        type: 3}
      propertyPath: m_LocalPosition.y
      value: 1.9968176
      objectReference: {fileID: 0}
    - target: {fileID: 5213189649828397404, guid: f9d388f9d8b424e41ad1f3d788096d35,
        type: 3}
      propertyPath: m_LocalPosition.z
      value: 2.5005617
      objectReference: {fileID: 0}
    - target: {fileID: 5213189649828397404, guid: f9d388f9d8b424e41ad1f3d788096d35,
        type: 3}
      propertyPath: m_LocalRotation.x
      value: 0
      objectReference: {fileID: 0}
    - target: {fileID: 5213189649828397404, guid: f9d388f9d8b424e41ad1f3d788096d35,
        type: 3}
      propertyPath: m_LocalRotation.y
      value: 1
      objectReference: {fileID: 0}
    - target: {fileID: 5213189649828397404, guid: f9d388f9d8b424e41ad1f3d788096d35,
        type: 3}
      propertyPath: m_LocalRotation.z
      value: 0
      objectReference: {fileID: 0}
    - target: {fileID: 5213189649828397404, guid: f9d388f9d8b424e41ad1f3d788096d35,
        type: 3}
      propertyPath: m_LocalRotation.w
      value: 0
      objectReference: {fileID: 0}
    - target: {fileID: 5213189649828397404, guid: f9d388f9d8b424e41ad1f3d788096d35,
        type: 3}
      propertyPath: m_RootOrder
      value: 0
      objectReference: {fileID: 0}
    - target: {fileID: 5213189649828397404, guid: f9d388f9d8b424e41ad1f3d788096d35,
        type: 3}
      propertyPath: m_LocalEulerAnglesHint.x
      value: 0
      objectReference: {fileID: 0}
    - target: {fileID: 5213189649828397404, guid: f9d388f9d8b424e41ad1f3d788096d35,
        type: 3}
      propertyPath: m_LocalEulerAnglesHint.y
      value: 180
      objectReference: {fileID: 0}
    - target: {fileID: 5213189649828397404, guid: f9d388f9d8b424e41ad1f3d788096d35,
        type: 3}
      propertyPath: m_LocalEulerAnglesHint.z
      value: 0
      objectReference: {fileID: 0}
    m_RemovedComponents: []
  m_SourcePrefab: {fileID: 100100000, guid: f9d388f9d8b424e41ad1f3d788096d35, type: 3}
--- !u!82 &1465700347358473596 stripped
AudioSource:
  m_CorrespondingSourceObject: {fileID: 1744349936165296821, guid: f9d388f9d8b424e41ad1f3d788096d35,
    type: 3}
  m_PrefabInstance: {fileID: 892306140953343945}
  m_PrefabAsset: {fileID: 0}
