%YAML 1.1
%TAG !u! tag:unity3d.com,2011:
--- !u!29 &1
OcclusionCullingSettings:
  m_ObjectHideFlags: 0
  serializedVersion: 2
  m_OcclusionBakeSettings:
    smallestOccluder: 5
    smallestHole: 0.25
    backfaceThreshold: 100
  m_SceneGUID: 00000000000000000000000000000000
  m_OcclusionCullingData: {fileID: 0}
--- !u!104 &2
RenderSettings:
  m_ObjectHideFlags: 0
  serializedVersion: 9
  m_Fog: 0
  m_FogColor: {r: 0.5, g: 0.5, b: 0.5, a: 1}
  m_FogMode: 3
  m_FogDensity: 0.01
  m_LinearFogStart: 0
  m_LinearFogEnd: 300
  m_AmbientSkyColor: {r: 0.52398545, g: 0.59407264, b: 0.7075472, a: 1}
  m_AmbientEquatorColor: {r: 0.114, g: 0.125, b: 0.133, a: 1}
  m_AmbientGroundColor: {r: 0.047, g: 0.043, b: 0.035, a: 1}
  m_AmbientIntensity: 1
  m_AmbientMode: 3
  m_SubtractiveShadowColor: {r: 0.42, g: 0.478, b: 0.627, a: 1}
  m_SkyboxMaterial: {fileID: 2100000, guid: a05b43d60a6f947459afb81256144f81, type: 2}
  m_HaloStrength: 0.5
  m_FlareStrength: 1
  m_FlareFadeSpeed: 3
  m_HaloTexture: {fileID: 0}
  m_SpotCookie: {fileID: 10001, guid: 0000000000000000e000000000000000, type: 0}
  m_DefaultReflectionMode: 0
  m_DefaultReflectionResolution: 128
  m_ReflectionBounces: 1
  m_ReflectionIntensity: 1
  m_CustomReflection: {fileID: 0}
  m_Sun: {fileID: 0}
  m_IndirectSpecularColor: {r: 0.99121004, g: 0.99121004, b: 0.99121004, a: 1}
  m_UseRadianceAmbientProbe: 0
--- !u!157 &3
LightmapSettings:
  m_ObjectHideFlags: 0
  serializedVersion: 11
  m_GIWorkflowMode: 0
  m_GISettings:
    serializedVersion: 2
    m_BounceScale: 1
    m_IndirectOutputScale: 1
    m_AlbedoBoost: 1
    m_EnvironmentLightingMode: 1
    m_EnableBakedLightmaps: 1
    m_EnableRealtimeLightmaps: 1
  m_LightmapEditorSettings:
    serializedVersion: 10
    m_Resolution: 2
    m_BakeResolution: 40
    m_AtlasSize: 1024
    m_AO: 0
    m_AOMaxDistance: 1
    m_CompAOExponent: 1
    m_CompAOExponentDirect: 0
    m_Padding: 2
    m_LightmapParameters: {fileID: 0}
    m_LightmapsBakeMode: 1
    m_TextureCompression: 1
    m_FinalGather: 0
    m_FinalGatherFiltering: 1
    m_FinalGatherRayCount: 256
    m_ReflectionCompression: 2
    m_MixedBakeMode: 1
    m_BakeBackend: 1
    m_PVRSampling: 1
    m_PVRDirectSampleCount: 32
    m_PVRSampleCount: 500
    m_PVRBounces: 2
    m_PVRFilterTypeDirect: 0
    m_PVRFilterTypeIndirect: 0
    m_PVRFilterTypeAO: 0
    m_PVRFilteringMode: 1
    m_PVRCulling: 1
    m_PVRFilteringGaussRadiusDirect: 1
    m_PVRFilteringGaussRadiusIndirect: 5
    m_PVRFilteringGaussRadiusAO: 2
    m_PVRFilteringAtrousPositionSigmaDirect: 0.5
    m_PVRFilteringAtrousPositionSigmaIndirect: 2
    m_PVRFilteringAtrousPositionSigmaAO: 1
    m_ShowResolutionOverlay: 1
  m_LightingDataAsset: {fileID: 0}
  m_UseShadowmask: 0
--- !u!196 &4
NavMeshSettings:
  serializedVersion: 2
  m_ObjectHideFlags: 0
  m_BuildSettings:
    serializedVersion: 2
    agentTypeID: 0
    agentRadius: 0.5
    agentHeight: 2
    agentSlope: 45
    agentClimb: 0.4
    ledgeDropHeight: 0
    maxJumpAcrossDistance: 0
    minRegionArea: 2
    manualCellSize: 0
    cellSize: 0.16666667
    manualTileSize: 0
    tileSize: 256
    accuratePlacement: 0
    debug:
      m_Flags: 0
  m_NavMeshData: {fileID: 0}
--- !u!114 &104646834 stripped
MonoBehaviour:
  m_CorrespondingSourceObject: {fileID: 297952653, guid: db5c73c555263f94dba9afadd6fa8741,
    type: 3}
  m_PrefabInstance: {fileID: 982561020}
  m_PrefabAsset: {fileID: 0}
  m_GameObject: {fileID: 0}
  m_Enabled: 1
  m_EditorHideFlags: 0
  m_Script: {fileID: 11500000, guid: f86c96ecb8f984fa68e3e3ba34448a4b, type: 3}
  m_Name: 
  m_EditorClassIdentifier: 
--- !u!1001 &146539729
PrefabInstance:
  m_ObjectHideFlags: 0
  serializedVersion: 2
  m_Modification:
    m_TransformParent: {fileID: 0}
    m_Modifications:
    - target: {fileID: 3866034066013541661, guid: f9d388f9d8b424e41ad1f3d788096d35,
        type: 3}
      propertyPath: m_Name
      value: AICompanion
      objectReference: {fileID: 0}
    - target: {fileID: 5213189649828397404, guid: f9d388f9d8b424e41ad1f3d788096d35,
        type: 3}
      propertyPath: m_LocalPosition.x
      value: 0
      objectReference: {fileID: 0}
    - target: {fileID: 5213189649828397404, guid: f9d388f9d8b424e41ad1f3d788096d35,
        type: 3}
      propertyPath: m_LocalPosition.y
      value: 2
      objectReference: {fileID: 0}
    - target: {fileID: 5213189649828397404, guid: f9d388f9d8b424e41ad1f3d788096d35,
        type: 3}
      propertyPath: m_LocalPosition.z
      value: 2.5
      objectReference: {fileID: 0}
    - target: {fileID: 5213189649828397404, guid: f9d388f9d8b424e41ad1f3d788096d35,
        type: 3}
      propertyPath: m_LocalRotation.x
      value: -0
      objectReference: {fileID: 0}
    - target: {fileID: 5213189649828397404, guid: f9d388f9d8b424e41ad1f3d788096d35,
        type: 3}
      propertyPath: m_LocalRotation.y
      value: -0
      objectReference: {fileID: 0}
    - target: {fileID: 5213189649828397404, guid: f9d388f9d8b424e41ad1f3d788096d35,
        type: 3}
      propertyPath: m_LocalRotation.z
      value: -0
      objectReference: {fileID: 0}
    - target: {fileID: 5213189649828397404, guid: f9d388f9d8b424e41ad1f3d788096d35,
        type: 3}
      propertyPath: m_LocalRotation.w
      value: 1
      objectReference: {fileID: 0}
    - target: {fileID: 5213189649828397404, guid: f9d388f9d8b424e41ad1f3d788096d35,
        type: 3}
      propertyPath: m_RootOrder
      value: 0
      objectReference: {fileID: 0}
    - target: {fileID: 5213189649828397404, guid: f9d388f9d8b424e41ad1f3d788096d35,
        type: 3}
      propertyPath: m_LocalEulerAnglesHint.x
      value: 0
      objectReference: {fileID: 0}
    - target: {fileID: 5213189649828397404, guid: f9d388f9d8b424e41ad1f3d788096d35,
        type: 3}
      propertyPath: m_LocalEulerAnglesHint.y
      value: 0
      objectReference: {fileID: 0}
    - target: {fileID: 5213189649828397404, guid: f9d388f9d8b424e41ad1f3d788096d35,
        type: 3}
      propertyPath: m_LocalEulerAnglesHint.z
      value: 0
      objectReference: {fileID: 0}
    m_RemovedComponents: []
  m_SourcePrefab: {fileID: 100100000, guid: f9d388f9d8b424e41ad1f3d788096d35, type: 3}
--- !u!1001 &387206944
PrefabInstance:
  m_ObjectHideFlags: 0
  serializedVersion: 2
  m_Modification:
    m_TransformParent: {fileID: 0}
    m_Modifications:
    - target: {fileID: 944106024822731264, guid: 13b0a5d0b698aea4a83812a5e779ff35,
        type: 3}
      propertyPath: m_Name
      value: Floor
      objectReference: {fileID: 0}
    - target: {fileID: 944106024822731265, guid: 13b0a5d0b698aea4a83812a5e779ff35,
        type: 3}
      propertyPath: m_LocalPosition.x
      value: 0
      objectReference: {fileID: 0}
    - target: {fileID: 944106024822731265, guid: 13b0a5d0b698aea4a83812a5e779ff35,
        type: 3}
      propertyPath: m_LocalPosition.y
      value: 0
      objectReference: {fileID: 0}
    - target: {fileID: 944106024822731265, guid: 13b0a5d0b698aea4a83812a5e779ff35,
        type: 3}
      propertyPath: m_LocalPosition.z
      value: 0
      objectReference: {fileID: 0}
    - target: {fileID: 944106024822731265, guid: 13b0a5d0b698aea4a83812a5e779ff35,
        type: 3}
      propertyPath: m_LocalRotation.x
      value: 0
      objectReference: {fileID: 0}
    - target: {fileID: 944106024822731265, guid: 13b0a5d0b698aea4a83812a5e779ff35,
        type: 3}
      propertyPath: m_LocalRotation.y
      value: 0
      objectReference: {fileID: 0}
    - target: {fileID: 944106024822731265, guid: 13b0a5d0b698aea4a83812a5e779ff35,
        type: 3}
      propertyPath: m_LocalRotation.z
      value: 0
      objectReference: {fileID: 0}
    - target: {fileID: 944106024822731265, guid: 13b0a5d0b698aea4a83812a5e779ff35,
        type: 3}
      propertyPath: m_LocalRotation.w
      value: 1
      objectReference: {fileID: 0}
    - target: {fileID: 944106024822731265, guid: 13b0a5d0b698aea4a83812a5e779ff35,
        type: 3}
      propertyPath: m_RootOrder
      value: 3
      objectReference: {fileID: 0}
    - target: {fileID: 944106024822731265, guid: 13b0a5d0b698aea4a83812a5e779ff35,
        type: 3}
      propertyPath: m_LocalEulerAnglesHint.x
      value: 0
      objectReference: {fileID: 0}
    - target: {fileID: 944106024822731265, guid: 13b0a5d0b698aea4a83812a5e779ff35,
        type: 3}
      propertyPath: m_LocalEulerAnglesHint.y
      value: 0
      objectReference: {fileID: 0}
    - target: {fileID: 944106024822731265, guid: 13b0a5d0b698aea4a83812a5e779ff35,
        type: 3}
      propertyPath: m_LocalEulerAnglesHint.z
      value: 0
      objectReference: {fileID: 0}
    m_RemovedComponents: []
  m_SourcePrefab: {fileID: 100100000, guid: 13b0a5d0b698aea4a83812a5e779ff35, type: 3}
--- !u!82 &391280139 stripped
AudioSource:
  m_CorrespondingSourceObject: {fileID: 1100205651452086472, guid: db5c73c555263f94dba9afadd6fa8741,
    type: 3}
  m_PrefabInstance: {fileID: 982561020}
  m_PrefabAsset: {fileID: 0}
--- !u!1001 &550958821
PrefabInstance:
  m_ObjectHideFlags: 0
  serializedVersion: 2
  m_Modification:
    m_TransformParent: {fileID: 0}
    m_Modifications:
    - target: {fileID: 9156000694196568502, guid: b5dfe0badf5885243b7bbd3667a83270,
        type: 3}
      propertyPath: m_Name
      value: Travelling
      objectReference: {fileID: 0}
    - target: {fileID: 9156000694196568503, guid: b5dfe0badf5885243b7bbd3667a83270,
        type: 3}
      propertyPath: m_LocalPosition.x
      value: 0
      objectReference: {fileID: 0}
    - target: {fileID: 9156000694196568503, guid: b5dfe0badf5885243b7bbd3667a83270,
        type: 3}
      propertyPath: m_LocalPosition.y
      value: 0.437
      objectReference: {fileID: 0}
    - target: {fileID: 9156000694196568503, guid: b5dfe0badf5885243b7bbd3667a83270,
        type: 3}
      propertyPath: m_LocalPosition.z
      value: 1.51
      objectReference: {fileID: 0}
    - target: {fileID: 9156000694196568503, guid: b5dfe0badf5885243b7bbd3667a83270,
        type: 3}
      propertyPath: m_LocalRotation.x
      value: 0
      objectReference: {fileID: 0}
    - target: {fileID: 9156000694196568503, guid: b5dfe0badf5885243b7bbd3667a83270,
        type: 3}
      propertyPath: m_LocalRotation.y
      value: 0
      objectReference: {fileID: 0}
    - target: {fileID: 9156000694196568503, guid: b5dfe0badf5885243b7bbd3667a83270,
        type: 3}
      propertyPath: m_LocalRotation.z
      value: 0
      objectReference: {fileID: 0}
    - target: {fileID: 9156000694196568503, guid: b5dfe0badf5885243b7bbd3667a83270,
        type: 3}
      propertyPath: m_LocalRotation.w
      value: 1
      objectReference: {fileID: 0}
    - target: {fileID: 9156000694196568503, guid: b5dfe0badf5885243b7bbd3667a83270,
        type: 3}
      propertyPath: m_RootOrder
      value: 2
      objectReference: {fileID: 0}
    - target: {fileID: 9156000694196568503, guid: b5dfe0badf5885243b7bbd3667a83270,
        type: 3}
      propertyPath: m_LocalEulerAnglesHint.x
      value: 0
      objectReference: {fileID: 0}
    - target: {fileID: 9156000694196568503, guid: b5dfe0badf5885243b7bbd3667a83270,
        type: 3}
      propertyPath: m_LocalEulerAnglesHint.y
      value: 0
      objectReference: {fileID: 0}
    - target: {fileID: 9156000694196568503, guid: b5dfe0badf5885243b7bbd3667a83270,
        type: 3}
      propertyPath: m_LocalEulerAnglesHint.z
      value: 0
      objectReference: {fileID: 0}
    - target: {fileID: 9156000693057359141, guid: b5dfe0badf5885243b7bbd3667a83270,
        type: 3}
      propertyPath: environments.Array.data[0]
      value: 
      objectReference: {fileID: 1689590856}
    - target: {fileID: 9156000693057359141, guid: b5dfe0badf5885243b7bbd3667a83270,
        type: 3}
      propertyPath: environments.Array.data[1]
      value: 
      objectReference: {fileID: 1689590854}
    - target: {fileID: 9156000693057359141, guid: b5dfe0badf5885243b7bbd3667a83270,
        type: 3}
      propertyPath: environments.Array.data[2]
      value: 
      objectReference: {fileID: 1689590855}
    - target: {fileID: 9156000694444365981, guid: b5dfe0badf5885243b7bbd3667a83270,
        type: 3}
      propertyPath: environments.Array.data[0]
      value: 
      objectReference: {fileID: 1689590856}
    - target: {fileID: 9156000694444365981, guid: b5dfe0badf5885243b7bbd3667a83270,
        type: 3}
      propertyPath: environments.Array.data[1]
      value: 
      objectReference: {fileID: 1689590854}
    - target: {fileID: 9156000694444365981, guid: b5dfe0badf5885243b7bbd3667a83270,
        type: 3}
      propertyPath: environments.Array.data[2]
      value: 
      objectReference: {fileID: 1689590855}
    - target: {fileID: 9156000694444365981, guid: b5dfe0badf5885243b7bbd3667a83270,
        type: 3}
      propertyPath: environmentToChangeTo
      value: 
      objectReference: {fileID: 1689590855}
    - target: {fileID: 9156000694496695157, guid: b5dfe0badf5885243b7bbd3667a83270,
        type: 3}
      propertyPath: environmentToChangeTo
      value: 
      objectReference: {fileID: 1689590856}
    - target: {fileID: 9156000694496695157, guid: b5dfe0badf5885243b7bbd3667a83270,
        type: 3}
      propertyPath: environments.Array.data[0]
      value: 
      objectReference: {fileID: 1689590856}
    - target: {fileID: 9156000694496695157, guid: b5dfe0badf5885243b7bbd3667a83270,
        type: 3}
      propertyPath: environments.Array.data[1]
      value: 
      objectReference: {fileID: 1689590854}
    - target: {fileID: 9156000694496695157, guid: b5dfe0badf5885243b7bbd3667a83270,
        type: 3}
      propertyPath: environments.Array.data[2]
      value: 
      objectReference: {fileID: 1689590855}
    - target: {fileID: 9156000693406836498, guid: b5dfe0badf5885243b7bbd3667a83270,
        type: 3}
      propertyPath: environmentToChangeTo
      value: 
      objectReference: {fileID: 1689590854}
    - target: {fileID: 9156000693406836498, guid: b5dfe0badf5885243b7bbd3667a83270,
        type: 3}
      propertyPath: environments.Array.data[0]
      value: 
      objectReference: {fileID: 1689590856}
    - target: {fileID: 9156000693406836498, guid: b5dfe0badf5885243b7bbd3667a83270,
        type: 3}
      propertyPath: environments.Array.data[1]
      value: 
      objectReference: {fileID: 1689590854}
    - target: {fileID: 9156000693406836498, guid: b5dfe0badf5885243b7bbd3667a83270,
        type: 3}
      propertyPath: environments.Array.data[2]
      value: 
      objectReference: {fileID: 1689590855}
    - target: {fileID: 2329491355101122257, guid: b5dfe0badf5885243b7bbd3667a83270,
        type: 3}
      propertyPath: OnButtonPressed.m_PersistentCalls.m_Calls.Array.size
      value: 2
      objectReference: {fileID: 0}
    - target: {fileID: 2329491355101122257, guid: b5dfe0badf5885243b7bbd3667a83270,
        type: 3}
      propertyPath: OnButtonPressed.m_PersistentCalls.m_Calls.Array.data[1].m_Mode
      value: 1
      objectReference: {fileID: 0}
    - target: {fileID: 2329491355101122257, guid: b5dfe0badf5885243b7bbd3667a83270,
        type: 3}
      propertyPath: OnButtonPressed.m_PersistentCalls.m_Calls.Array.data[1].m_CallState
      value: 2
      objectReference: {fileID: 0}
    - target: {fileID: 2329491355101122257, guid: b5dfe0badf5885243b7bbd3667a83270,
        type: 3}
      propertyPath: OnButtonPressed.m_PersistentCalls.m_Calls.Array.data[1].m_Target
      value: 
      objectReference: {fileID: 1912137939}
    - target: {fileID: 2329491355101122257, guid: b5dfe0badf5885243b7bbd3667a83270,
        type: 3}
      propertyPath: OnButtonPressed.m_PersistentCalls.m_Calls.Array.data[1].m_MethodName
      value: Play02cSpace
      objectReference: {fileID: 0}
    - target: {fileID: 2329491355101122257, guid: b5dfe0badf5885243b7bbd3667a83270,
        type: 3}
      propertyPath: OnButtonPressed.m_PersistentCalls.m_Calls.Array.data[1].m_Arguments.m_ObjectArgumentAssemblyTypeName
      value: UnityEngine.Object, UnityEngine
      objectReference: {fileID: 0}
    - target: {fileID: 3849184464597982902, guid: b5dfe0badf5885243b7bbd3667a83270,
        type: 3}
      propertyPath: OnButtonPressed.m_PersistentCalls.m_Calls.Array.size
      value: 2
      objectReference: {fileID: 0}
    - target: {fileID: 3849184464597982902, guid: b5dfe0badf5885243b7bbd3667a83270,
        type: 3}
      propertyPath: OnButtonPressed.m_PersistentCalls.m_Calls.Array.data[1].m_Mode
      value: 1
      objectReference: {fileID: 0}
    - target: {fileID: 3849184464597982902, guid: b5dfe0badf5885243b7bbd3667a83270,
        type: 3}
      propertyPath: OnButtonPressed.m_PersistentCalls.m_Calls.Array.data[1].m_CallState
      value: 2
      objectReference: {fileID: 0}
    - target: {fileID: 3849184464597982902, guid: b5dfe0badf5885243b7bbd3667a83270,
        type: 3}
      propertyPath: OnButtonPressed.m_PersistentCalls.m_Calls.Array.data[1].m_Target
      value: 
      objectReference: {fileID: 1912137939}
    - target: {fileID: 3849184464597982902, guid: b5dfe0badf5885243b7bbd3667a83270,
        type: 3}
      propertyPath: OnButtonPressed.m_PersistentCalls.m_Calls.Array.data[1].m_MethodName
      value: Play02aForest
      objectReference: {fileID: 0}
    - target: {fileID: 3849184464597982902, guid: b5dfe0badf5885243b7bbd3667a83270,
        type: 3}
      propertyPath: OnButtonPressed.m_PersistentCalls.m_Calls.Array.data[1].m_Arguments.m_ObjectArgumentAssemblyTypeName
      value: UnityEngine.Object, UnityEngine
      objectReference: {fileID: 0}
    - target: {fileID: 2122891843096560717, guid: b5dfe0badf5885243b7bbd3667a83270,
        type: 3}
      propertyPath: OnButtonPressed.m_PersistentCalls.m_Calls.Array.size
      value: 2
      objectReference: {fileID: 0}
    - target: {fileID: 2122891843096560717, guid: b5dfe0badf5885243b7bbd3667a83270,
        type: 3}
      propertyPath: OnButtonPressed.m_PersistentCalls.m_Calls.Array.data[1].m_Mode
      value: 1
      objectReference: {fileID: 0}
    - target: {fileID: 2122891843096560717, guid: b5dfe0badf5885243b7bbd3667a83270,
        type: 3}
      propertyPath: OnButtonPressed.m_PersistentCalls.m_Calls.Array.data[1].m_CallState
      value: 2
      objectReference: {fileID: 0}
    - target: {fileID: 2122891843096560717, guid: b5dfe0badf5885243b7bbd3667a83270,
        type: 3}
      propertyPath: OnButtonPressed.m_PersistentCalls.m_Calls.Array.data[1].m_Target
      value: 
      objectReference: {fileID: 1912137939}
    - target: {fileID: 2122891843096560717, guid: b5dfe0badf5885243b7bbd3667a83270,
        type: 3}
      propertyPath: OnButtonPressed.m_PersistentCalls.m_Calls.Array.data[1].m_MethodName
      value: Play02bDesert
      objectReference: {fileID: 0}
    - target: {fileID: 2122891843096560717, guid: b5dfe0badf5885243b7bbd3667a83270,
        type: 3}
      propertyPath: OnButtonPressed.m_PersistentCalls.m_Calls.Array.data[1].m_Arguments.m_ObjectArgumentAssemblyTypeName
      value: UnityEngine.Object, UnityEngine
      objectReference: {fileID: 0}
    - target: {fileID: 893251246024093799, guid: b5dfe0badf5885243b7bbd3667a83270,
        type: 3}
      propertyPath: environments.Array.size
      value: 3
      objectReference: {fileID: 0}
    - target: {fileID: 893251246024093799, guid: b5dfe0badf5885243b7bbd3667a83270,
        type: 3}
      propertyPath: environments.Array.data[0]
      value: 
      objectReference: {fileID: 1689590856}
    - target: {fileID: 893251246024093799, guid: b5dfe0badf5885243b7bbd3667a83270,
        type: 3}
      propertyPath: environments.Array.data[1]
      value: 
      objectReference: {fileID: 1689590854}
    - target: {fileID: 893251246024093799, guid: b5dfe0badf5885243b7bbd3667a83270,
        type: 3}
      propertyPath: environments.Array.data[2]
      value: 
      objectReference: {fileID: 1689590855}
    - target: {fileID: 4430990632390237493, guid: b5dfe0badf5885243b7bbd3667a83270,
        type: 3}
      propertyPath: environmentToChangeTo
      value: 
      objectReference: {fileID: 1689590856}
    - target: {fileID: 8296190429485254804, guid: b5dfe0badf5885243b7bbd3667a83270,
        type: 3}
      propertyPath: environmentToChangeTo
      value: 
      objectReference: {fileID: 1689590855}
    - target: {fileID: 4052257985932884171, guid: b5dfe0badf5885243b7bbd3667a83270,
        type: 3}
      propertyPath: environmentToChangeTo
      value: 
      objectReference: {fileID: 1689590854}
    - target: {fileID: 7633673300895253954, guid: b5dfe0badf5885243b7bbd3667a83270,
        type: 3}
      propertyPath: m_IsActive
      value: 0
      objectReference: {fileID: 0}
    - target: {fileID: 5023565103001285394, guid: b5dfe0badf5885243b7bbd3667a83270,
        type: 3}
      propertyPath: m_Enabled
      value: 1
      objectReference: {fileID: 0}
    - target: {fileID: 1892562902707879067, guid: b5dfe0badf5885243b7bbd3667a83270,
        type: 3}
      propertyPath: m_Mesh
      value: 
      objectReference: {fileID: 0}
    - target: {fileID: 1115963642769698044, guid: b5dfe0badf5885243b7bbd3667a83270,
        type: 3}
      propertyPath: m_Mesh
      value: 
      objectReference: {fileID: 0}
    - target: {fileID: 2837752681789994503, guid: b5dfe0badf5885243b7bbd3667a83270,
        type: 3}
      propertyPath: m_Mesh
      value: 
      objectReference: {fileID: 0}
    m_RemovedComponents: []
  m_SourcePrefab: {fileID: 100100000, guid: b5dfe0badf5885243b7bbd3667a83270, type: 3}
--- !u!1001 &982561020
PrefabInstance:
  m_ObjectHideFlags: 0
  serializedVersion: 2
  m_Modification:
    m_TransformParent: {fileID: 0}
    m_Modifications:
    - target: {fileID: 1486257119345082, guid: db5c73c555263f94dba9afadd6fa8741, type: 3}
      propertyPath: m_Name
      value: Player
      objectReference: {fileID: 0}
    - target: {fileID: 4598766508566490, guid: db5c73c555263f94dba9afadd6fa8741, type: 3}
      propertyPath: m_LocalPosition.x
      value: 0
      objectReference: {fileID: 0}
    - target: {fileID: 4598766508566490, guid: db5c73c555263f94dba9afadd6fa8741, type: 3}
      propertyPath: m_LocalPosition.y
      value: 0
      objectReference: {fileID: 0}
    - target: {fileID: 4598766508566490, guid: db5c73c555263f94dba9afadd6fa8741, type: 3}
      propertyPath: m_LocalPosition.z
      value: 0
      objectReference: {fileID: 0}
    - target: {fileID: 4598766508566490, guid: db5c73c555263f94dba9afadd6fa8741, type: 3}
      propertyPath: m_LocalRotation.x
      value: -0
      objectReference: {fileID: 0}
    - target: {fileID: 4598766508566490, guid: db5c73c555263f94dba9afadd6fa8741, type: 3}
      propertyPath: m_LocalRotation.y
      value: -0
      objectReference: {fileID: 0}
    - target: {fileID: 4598766508566490, guid: db5c73c555263f94dba9afadd6fa8741, type: 3}
      propertyPath: m_LocalRotation.z
      value: -0
      objectReference: {fileID: 0}
    - target: {fileID: 4598766508566490, guid: db5c73c555263f94dba9afadd6fa8741, type: 3}
      propertyPath: m_LocalRotation.w
      value: 1
      objectReference: {fileID: 0}
    - target: {fileID: 4598766508566490, guid: db5c73c555263f94dba9afadd6fa8741, type: 3}
      propertyPath: m_RootOrder
      value: 5
      objectReference: {fileID: 0}
    - target: {fileID: 4598766508566490, guid: db5c73c555263f94dba9afadd6fa8741, type: 3}
      propertyPath: m_LocalEulerAnglesHint.x
      value: 0
      objectReference: {fileID: 0}
    - target: {fileID: 4598766508566490, guid: db5c73c555263f94dba9afadd6fa8741, type: 3}
      propertyPath: m_LocalEulerAnglesHint.y
      value: 0
      objectReference: {fileID: 0}
    - target: {fileID: 4598766508566490, guid: db5c73c555263f94dba9afadd6fa8741, type: 3}
      propertyPath: m_LocalEulerAnglesHint.z
      value: 0
      objectReference: {fileID: 0}
    m_RemovedComponents: []
  m_SourcePrefab: {fileID: 100100000, guid: db5c73c555263f94dba9afadd6fa8741, type: 3}
--- !u!1001 &1532891670
PrefabInstance:
  m_ObjectHideFlags: 0
  serializedVersion: 2
  m_Modification:
    m_TransformParent: {fileID: 0}
    m_Modifications:
    - target: {fileID: 3088695310453647272, guid: b6fa8a8d6d805a04ab5a9c695c871137,
        type: 3}
      propertyPath: m_Name
      value: Lights
      objectReference: {fileID: 0}
    - target: {fileID: 3088695310453647275, guid: b6fa8a8d6d805a04ab5a9c695c871137,
        type: 3}
      propertyPath: m_LocalPosition.x
      value: 0
      objectReference: {fileID: 0}
    - target: {fileID: 3088695310453647275, guid: b6fa8a8d6d805a04ab5a9c695c871137,
        type: 3}
      propertyPath: m_LocalPosition.y
      value: 0
      objectReference: {fileID: 0}
    - target: {fileID: 3088695310453647275, guid: b6fa8a8d6d805a04ab5a9c695c871137,
        type: 3}
      propertyPath: m_LocalPosition.z
      value: 0
      objectReference: {fileID: 0}
    - target: {fileID: 3088695310453647275, guid: b6fa8a8d6d805a04ab5a9c695c871137,
        type: 3}
      propertyPath: m_LocalRotation.x
      value: 0
      objectReference: {fileID: 0}
    - target: {fileID: 3088695310453647275, guid: b6fa8a8d6d805a04ab5a9c695c871137,
        type: 3}
      propertyPath: m_LocalRotation.y
      value: 0
      objectReference: {fileID: 0}
    - target: {fileID: 3088695310453647275, guid: b6fa8a8d6d805a04ab5a9c695c871137,
        type: 3}
      propertyPath: m_LocalRotation.z
      value: 0
      objectReference: {fileID: 0}
    - target: {fileID: 3088695310453647275, guid: b6fa8a8d6d805a04ab5a9c695c871137,
        type: 3}
      propertyPath: m_LocalRotation.w
      value: 1
      objectReference: {fileID: 0}
    - target: {fileID: 3088695310453647275, guid: b6fa8a8d6d805a04ab5a9c695c871137,
        type: 3}
      propertyPath: m_RootOrder
      value: 4
      objectReference: {fileID: 0}
    - target: {fileID: 3088695310453647275, guid: b6fa8a8d6d805a04ab5a9c695c871137,
        type: 3}
      propertyPath: m_LocalEulerAnglesHint.x
      value: 0
      objectReference: {fileID: 0}
    - target: {fileID: 3088695310453647275, guid: b6fa8a8d6d805a04ab5a9c695c871137,
        type: 3}
      propertyPath: m_LocalEulerAnglesHint.y
      value: 0
      objectReference: {fileID: 0}
    - target: {fileID: 3088695310453647275, guid: b6fa8a8d6d805a04ab5a9c695c871137,
        type: 3}
      propertyPath: m_LocalEulerAnglesHint.z
      value: 0
      objectReference: {fileID: 0}
    m_RemovedComponents: []
  m_SourcePrefab: {fileID: 100100000, guid: b6fa8a8d6d805a04ab5a9c695c871137, type: 3}
--- !u!1001 &1689590853
PrefabInstance:
  m_ObjectHideFlags: 0
  serializedVersion: 2
  m_Modification:
    m_TransformParent: {fileID: 0}
    m_Modifications:
    - target: {fileID: 7662522237048073649, guid: 200439036bff54645a229f7457460334,
        type: 3}
      propertyPath: m_Name
      value: TravellingEnvironments
      objectReference: {fileID: 0}
    - target: {fileID: 7662522237048073648, guid: 200439036bff54645a229f7457460334,
        type: 3}
      propertyPath: m_LocalPosition.x
      value: 0
      objectReference: {fileID: 0}
    - target: {fileID: 7662522237048073648, guid: 200439036bff54645a229f7457460334,
        type: 3}
      propertyPath: m_LocalPosition.y
      value: 0
      objectReference: {fileID: 0}
    - target: {fileID: 7662522237048073648, guid: 200439036bff54645a229f7457460334,
        type: 3}
      propertyPath: m_LocalPosition.z
      value: 0
      objectReference: {fileID: 0}
    - target: {fileID: 7662522237048073648, guid: 200439036bff54645a229f7457460334,
        type: 3}
      propertyPath: m_LocalRotation.x
      value: 0
      objectReference: {fileID: 0}
    - target: {fileID: 7662522237048073648, guid: 200439036bff54645a229f7457460334,
        type: 3}
      propertyPath: m_LocalRotation.y
      value: 0
      objectReference: {fileID: 0}
    - target: {fileID: 7662522237048073648, guid: 200439036bff54645a229f7457460334,
        type: 3}
      propertyPath: m_LocalRotation.z
      value: 0
      objectReference: {fileID: 0}
    - target: {fileID: 7662522237048073648, guid: 200439036bff54645a229f7457460334,
        type: 3}
      propertyPath: m_LocalRotation.w
      value: 1
      objectReference: {fileID: 0}
    - target: {fileID: 7662522237048073648, guid: 200439036bff54645a229f7457460334,
        type: 3}
      propertyPath: m_RootOrder
      value: 1
      objectReference: {fileID: 0}
    - target: {fileID: 7662522237048073648, guid: 200439036bff54645a229f7457460334,
        type: 3}
      propertyPath: m_LocalEulerAnglesHint.x
      value: 0
      objectReference: {fileID: 0}
    - target: {fileID: 7662522237048073648, guid: 200439036bff54645a229f7457460334,
        type: 3}
      propertyPath: m_LocalEulerAnglesHint.y
      value: 0
      objectReference: {fileID: 0}
    - target: {fileID: 7662522237048073648, guid: 200439036bff54645a229f7457460334,
        type: 3}
      propertyPath: m_LocalEulerAnglesHint.z
      value: 0
      objectReference: {fileID: 0}
    m_RemovedComponents:
    - {fileID: 665076518296757842, guid: 200439036bff54645a229f7457460334, type: 3}
  m_SourcePrefab: {fileID: 100100000, guid: 200439036bff54645a229f7457460334, type: 3}
--- !u!1 &1689590854 stripped
GameObject:
  m_CorrespondingSourceObject: {fileID: 7662522236629614420, guid: 200439036bff54645a229f7457460334,
    type: 3}
  m_PrefabInstance: {fileID: 1689590853}
  m_PrefabAsset: {fileID: 0}
--- !u!1 &1689590855 stripped
GameObject:
  m_CorrespondingSourceObject: {fileID: 7662522235816881383, guid: 200439036bff54645a229f7457460334,
    type: 3}
  m_PrefabInstance: {fileID: 1689590853}
  m_PrefabAsset: {fileID: 0}
--- !u!1 &1689590856 stripped
GameObject:
  m_CorrespondingSourceObject: {fileID: 7662522235312211960, guid: 200439036bff54645a229f7457460334,
    type: 3}
  m_PrefabInstance: {fileID: 1689590853}
  m_PrefabAsset: {fileID: 0}
--- !u!82 &1839500866 stripped
AudioSource:
  m_CorrespondingSourceObject: {fileID: 1744349936165296821, guid: f9d388f9d8b424e41ad1f3d788096d35,
    type: 3}
  m_PrefabInstance: {fileID: 146539729}
  m_PrefabAsset: {fileID: 0}
--- !u!1 &1902027556 stripped
GameObject:
  m_CorrespondingSourceObject: {fileID: 3136424927631969430, guid: b5dfe0badf5885243b7bbd3667a83270,
    type: 3}
  m_PrefabInstance: {fileID: 550958821}
  m_PrefabAsset: {fileID: 0}
--- !u!1 &1912137935
GameObject:
  m_ObjectHideFlags: 0
  m_CorrespondingSourceObject: {fileID: 0}
  m_PrefabInstance: {fileID: 0}
  m_PrefabAsset: {fileID: 0}
  serializedVersion: 6
  m_Component:
  - component: {fileID: 1912137936}
  - component: {fileID: 1912137939}
  - component: {fileID: 1912137938}
  - component: {fileID: 1912137937}
  m_Layer: 0
  m_Name: SceneManager
  m_TagString: Untagged
  m_Icon: {fileID: 0}
  m_NavMeshLayer: 0
  m_StaticEditorFlags: 0
  m_IsActive: 1
--- !u!4 &1912137936
Transform:
  m_ObjectHideFlags: 0
  m_CorrespondingSourceObject: {fileID: 0}
  m_PrefabInstance: {fileID: 0}
  m_PrefabAsset: {fileID: 0}
  m_GameObject: {fileID: 1912137935}
  m_LocalRotation: {x: 0, y: 0, z: 0, w: 1}
  m_LocalPosition: {x: -0.12513137, y: 2.0856125, z: 1.135951}
  m_LocalScale: {x: 1, y: 1, z: 1}
  m_Children: []
  m_Father: {fileID: 0}
  m_RootOrder: 6
  m_LocalEulerAnglesHint: {x: 0, y: 0, z: 0}
--- !u!114 &1912137937
MonoBehaviour:
  m_ObjectHideFlags: 0
  m_CorrespondingSourceObject: {fileID: 0}
  m_PrefabInstance: {fileID: 0}
  m_PrefabAsset: {fileID: 0}
  m_GameObject: {fileID: 1912137935}
  m_Enabled: 1
  m_EditorHideFlags: 0
  m_Script: {fileID: 11500000, guid: 43a6d9aee8840cd4aa38f8072e85cc61, type: 3}
  m_Name: 
  m_EditorClassIdentifier: 
--- !u!114 &1912137938
MonoBehaviour:
  m_ObjectHideFlags: 0
  m_CorrespondingSourceObject: {fileID: 0}
  m_PrefabInstance: {fileID: 0}
  m_PrefabAsset: {fileID: 0}
  m_GameObject: {fileID: 1912137935}
  m_Enabled: 1
  m_EditorHideFlags: 0
  m_Script: {fileID: 11500000, guid: 33b564af3b30a214f8bb4cb622869ddb, type: 3}
  m_Name: 
  m_EditorClassIdentifier: 
  travelling01GoodMorning: {fileID: 8300000, guid: 7027aa8ee19fe9a409f9b3094c0947de,
    type: 3}
  travelling02aForest1: {fileID: 8300000, guid: 4481971fed9925b4a8a9ecd6361f316c,
    type: 3}
  travelling02aForest2: {fileID: 8300000, guid: 82c01823aa3240d4a9eb0e49d0686d4e,
    type: 3}
  travelling02aForest3: {fileID: 8300000, guid: e2ed45737b800944592e8926f6e5f257,
    type: 3}
  travelling02bDesert1: {fileID: 8300000, guid: 049b6e0280a7b53438c14925fc0c8733,
    type: 3}
  travelling02bDesert2: {fileID: 8300000, guid: 25e3ac19b55314b4b8a5fad6de7a368f,
    type: 3}
  travelling02bDesert3: {fileID: 8300000, guid: 5acbe2ba8b66eb94da04ab432ee5cf73,
    type: 3}
  travelling02cSpace1: {fileID: 8300000, guid: b1ceded2ac65c5c40ac34f6efc5d740c, type: 3}
  travelling02cSpace2: {fileID: 8300000, guid: 12bfc4a7c6cff8f42b0e709ed4ea4821, type: 3}
  travelling02cSpace3: {fileID: 8300000, guid: 0d0f5e595e11c7f40bd3f3306458f59d, type: 3}
  travelling03TryAnotherOne1: {fileID: 8300000, guid: 0e7613c6db5c0a443848e8ae44ff7c39,
    type: 3}
  travelling03TryAnotherOne2: {fileID: 8300000, guid: 56e14160b712910438cbc6296576822c,
    type: 3}
  travelling04EndLevel: {fileID: 8300000, guid: d23d8306344afe64abc9194c5d2b2fc0,
    type: 3}
  intermission1: {fileID: 8300000, guid: dccfe7961bf09f34e918c94b4faedcb0, type: 3}
--- !u!114 &1912137939
MonoBehaviour:
  m_ObjectHideFlags: 0
  m_CorrespondingSourceObject: {fileID: 0}
  m_PrefabInstance: {fileID: 0}
  m_PrefabAsset: {fileID: 0}
  m_GameObject: {fileID: 1912137935}
  m_Enabled: 1
  m_EditorHideFlags: 0
  m_Script: {fileID: 11500000, guid: cf21db2c316f2454fa19371c0f822765, type: 3}
  m_Name: 
  m_EditorClassIdentifier: 
  sceneStates: {fileID: 1912137937}
  sceneAudio: {fileID: 1912137938}
  aIAudioSource: {fileID: 1839500866}
  travellingButtons: {fileID: 1902027556}
  camVFX: {fileID: 104646834}
  richardVoice: {fileID: 391280139}
--- !u!1001 &2108055917
PrefabInstance:
  m_ObjectHideFlags: 0
  serializedVersion: 2
  m_Modification:
    m_TransformParent: {fileID: 0}
    m_Modifications:
    - target: {fileID: 5617463241694770935, guid: 00ce87ef7f44a6741b63d8b9f989b5e3,
        type: 3}
      propertyPath: m_Name
      value: GameManager
      objectReference: {fileID: 0}
    - target: {fileID: 5617463241694770934, guid: 00ce87ef7f44a6741b63d8b9f989b5e3,
        type: 3}
      propertyPath: m_LocalPosition.x
      value: 0
      objectReference: {fileID: 0}
    - target: {fileID: 5617463241694770934, guid: 00ce87ef7f44a6741b63d8b9f989b5e3,
        type: 3}
      propertyPath: m_LocalPosition.y
      value: -1.3382502
      objectReference: {fileID: 0}
    - target: {fileID: 5617463241694770934, guid: 00ce87ef7f44a6741b63d8b9f989b5e3,
        type: 3}
      propertyPath: m_LocalPosition.z
      value: 0.76065004
      objectReference: {fileID: 0}
    - target: {fileID: 5617463241694770934, guid: 00ce87ef7f44a6741b63d8b9f989b5e3,
        type: 3}
      propertyPath: m_LocalRotation.x
      value: 0
      objectReference: {fileID: 0}
    - target: {fileID: 5617463241694770934, guid: 00ce87ef7f44a6741b63d8b9f989b5e3,
        type: 3}
      propertyPath: m_LocalRotation.y
      value: 0
      objectReference: {fileID: 0}
    - target: {fileID: 5617463241694770934, guid: 00ce87ef7f44a6741b63d8b9f989b5e3,
        type: 3}
      propertyPath: m_LocalRotation.z
      value: 0
      objectReference: {fileID: 0}
    - target: {fileID: 5617463241694770934, guid: 00ce87ef7f44a6741b63d8b9f989b5e3,
        type: 3}
      propertyPath: m_LocalRotation.w
      value: 1
      objectReference: {fileID: 0}
    - target: {fileID: 5617463241694770934, guid: 00ce87ef7f44a6741b63d8b9f989b5e3,
        type: 3}
      propertyPath: m_RootOrder
      value: 7
      objectReference: {fileID: 0}
    - target: {fileID: 5617463241694770934, guid: 00ce87ef7f44a6741b63d8b9f989b5e3,
        type: 3}
      propertyPath: m_LocalEulerAnglesHint.x
      value: 0
      objectReference: {fileID: 0}
    - target: {fileID: 5617463241694770934, guid: 00ce87ef7f44a6741b63d8b9f989b5e3,
        type: 3}
      propertyPath: m_LocalEulerAnglesHint.y
      value: 0
      objectReference: {fileID: 0}
    - target: {fileID: 5617463241694770934, guid: 00ce87ef7f44a6741b63d8b9f989b5e3,
        type: 3}
      propertyPath: m_LocalEulerAnglesHint.z
      value: 0
      objectReference: {fileID: 0}
    m_RemovedComponents: []
  m_SourcePrefab: {fileID: 100100000, guid: 00ce87ef7f44a6741b63d8b9f989b5e3, type: 3}
